3242 5267
1334 689 1349 702 2
1452 688 1569 754 29.

321 855 516 923 πάντα
562 856 696 942 γὰρ
741 856 936 943 ἀγαθὰ
977 856 1075 943 μὲν
1118 855 1216 924 καὶ
1270 857 1424 928 καλά
1470 859 1618 941 ἐστι,
1674 858 1820 943 πρὸς
1864 856 1903 924 ἃ
1945 856 2014 924 ἂν
2057 856 2122 925 εὖ
2164 857 2313 946 ἔχῃ,
2355 857 2512 925 κακὰ
2555 857 2621 925 δὲ

322 957 418 1026 καὶ
463 960 733 1047 αἰσχρά,
777 962 921 1048 πρὸς
957 960 996 1028 ἃ
1039 959 1108 1028 ἂν
1151 973 1363 1039 κακῶς.
1424 968 1516 1029 lv.
1565 967 1619 1028 6.
1653 966 1713 1044 S.
1744 966 1801 1028 9.
1862 961 1929 1029 τὸ
1970 964 2246 1049 χρήσιμον
2291 963 2408 1050 ἄρα
2446 961 2625 1030 καλόν

330 1063 472 1148 ἐστι,
522 1066 693 1152 πρὸς
734 1073 768 1155 ᾗ
812 1066 877 1133 ἂν
919 1061 979 1154 η’
1018 1069 1310 1154 χρήσιμον.
1333 1066 1451 1154 ¹⁰⁵)
1539 1071 1740 1151 Itaque
1769 1089 1878 1153 per
1919 1088 1988 1133 se
2027 1070 2166 1133 nibil
2211 1073 2448 1151 bonum,
2492 1070 2628 1135 nibil

324 1173 663 1254 pulchrum
713 1181 822 1253 est,
868 1174 974 1237 sed
1019 1178 1243 1239 ratione
1277 1175 1464 1236 habita
1496 1176 1658 1251 eiuS,
1692 1174 1762 1237 ad
1797 1173 1952 1255 quod
1981 1172 2299 1250 referatur3
2345 1174 2623 1258 quicquid

325 1276 511 1341 bomo
561 1279 815 1360 cogitat,
860 1280 1057 1356 sentit,
1101 1280 1238 1360 agit,
1285 1279 1355 1341 ad
1391 1287 1610 1340 certum
1661 1278 1946 1358 quendam
1989 1277 2159 1340 finem
2202 1277 2435 1359 referri,
2480 1281 2532 1341 h.
2567 1297 2621 1342 e.

327 1382 398 1444 ad
449 1382 735 1445 utilitatis
781 1385 1038 1447 rationes
1068 1384 1336 1446 revocari
1365 1383 1557 1444 debet.
1626 1380 1738 1445 lam
1784 1401 1928 1447 vero
1961 1400 2219 1446 summus
2250 1382 2401 1459 finis,
2446 1402 2622 1464 quem

329 1488 387 1548 in
465 1487 844 1568 cogitatione
919 1485 1014 1548 vel
1083 1488 1312 1549 actione
1371 1494 1641 1568 spectare
1707 1505 2056 1568 pessumum,
2127 1488 2279 1550 vitae
2347 1485 2623 1550 felicitate

337 1584 772 1684 (ἐυδαιμονίᾳ)
835 1591 1183 1654 continetur.
1290 1589 1456 1652 Unde
1511 1592 1788 1676 sequitur,
1834 1589 1892 1653 id
1949 1591 2163 1654 bonum
2221 1608 2359 1653 esse
2411 1591 2621 1672 appel-

333 1692 623 1773 landum,
674 1693 828 1774 quod
875 1694 947 1757 ad
993 1693 1164 1757 finem
1210 1694 1369 1757 illum
1415 1694 1878 1776 assequendum,
1941 1694 2036 1757 vel
2080 1694 2151 1757 ad
2197 1695 2367 1757 vitam
2411 1696 2624 1777 singu-

330 1796 562 1875 larem,
618 1798 1032 1877 domesticam,
1078 1797 1305 1862 civilem
1352 1797 1596 1861 feliciter
1641 1799 1927 1880 agendam
1972 1797 2231 1879 prodest.
2320 1796 2623 1862 Caeterum

339 1921 417 1964 ex
459 1922 563 1981 eo,
620 1902 779 1983 quod
826 1902 960 1966 nibil
1006 1922 1113 1986 per
1157 1922 1226 1967 se
1271 1904 1484 1967 bonum
1532 1910 1641 1982 est,
1688 1902 1939 1966 dilucide
1984 1903 2282 1984 sequitur,
2339 1903 2417 1981 id,
2463 1902 2622 1984 quod

336 2005 461 2070 aliis
509 2007 668 2070 utile
713 2014 823 2085 est,
869 2009 990 2071 aliis
1047 2010 1283 2071 noxium
1328 2026 1465 2071 esse
1510 2026 1708 2089 posse.
1772 2007 1858 2070 Cf.
1906 2007 2030 2069 libr.
2079 2007 2170 2069 lV.
2219 2026 2344 2089 cap.
2388 2009 2427 2070 6
2459 2008 2517 2086 ὃ.
2551 2006 2624 2069 8;

338 2109 515 2173 Δοκεῖ
562 2130 662 2173 σοι
702 2107 769 2172 τὸ
815 2105 953 2173 αὐτὸ
997 2115 1164 2174 πᾶσιν
1209 2106 1496 2192 ὠφέλιμον
1535 2104 1710 2186 εἷναις
1761 2145 1833 2155 —m
1874 2105 1999 2173 Οὔκ
2033 2107 2244 2192 ἔμοιγε.
2295 2147 2376 2159 —-
2424 2108 2493 2174 Τί
2520 2106 2624 2187 δὲ;

339 2209 406 2276 τὸ
452 2212 635 2300 ἄλλῳ
680 2209 966 2296 ὠφέλιμον
1027 2211 1094 2278 οὔ
1156 2215 1314 2277 δοκὲι
1368 2235 1458 2278 σοι
1517 2212 1692 2278 ἐνίοτε
1752 2212 1915 2304 ἄλλῳ
1977 2211 2256 2296 βλαβερὸν
2315 2208 2493 2289 εἷναις
2545 2252 2620 2262 -·

346 2314 457 2381 Καὶ
500 2315 700 2402 μάλα,
752 2317 886 2400 ἔφη.
936 2355 1017 2364 -—-
1046 2313 1235 2383 Ἄλλο
1297 2319 1344 2381 δ’
1393 2316 1459 2381 ἄν
1502 2341 1554 2381 τι
1597 2317 1771 2401 φάιης
1816 2315 2033 2400 ἀγαθὸν
2079 2313 2224 2383 εἶναι
2265 2316 2303 2403 ἢ
2345 2316 2411 2382 τὸ
2455 2316 2621 2401 ὠφέ-

248 2447 253 2454 ·
345 2422 541 2505 λιμονς
591 2460 677 2472 —-·
722 2418 848 2488 Οὔκ
889 2420 1086 2505 ἔγωγ’,
1127 2422 1260 2506 ἔφη.
1311 2460 1392 2471 --
1439 2421 1522 2487 Τὸ
1551 2420 1668 2506 ἄρα
1697 2419 1983 2506 ὢφελιμον
2031 2419 2249 2506 ἀγαθόν
2278 2420 2461 2503 ἐστιν,
2507 2419 2625 2514 ὅτῳ

346 2522 413 2589 ἂν
460 2524 760 2611 ὠφέλιμον
805 2521 873 2612 ᾖς
919 2563 1000 2574 -
1046 2521 1217 2592 Δοκέι
1242 2549 1355 2610 μοι,
1398 2526 1532 2611 ἔφη.
1594 2527 1803 2592 Curam
1838 2531 2014 2613 igitur
2043 2537 2220 2610 atque
2264 2528 2626 2611 prudentiam

349 2631 643 2696 adhibere
677 2633 1039 2712 debebimuS,
1086 2640 1150 2714 ut
1181 2633 1445 2695 omnibus
1475 2634 1546 2695 iis
1576 2634 1778 2711 mbae,
1824 2651 1975 2715 quae
2020 2631 2092 2694 ad
2135 2631 2467 2696 felicitatem
2513 2649 2632 2696 no-

349 2743 537 2814 stram
589 2738 915 2819 pertinent,
974 2737 1052 2799 ita
1097 2743 1351 2812 utamur,
1410 2743 1474 2800 ut
1534 2734 1790 2799 felicitati
1849 2742 2090 2800 nostrae
2151 2754 2321 2817 quam
2380 2735 2629 2799 maxime

260 2827 271 2846 ’
356 2841 705 2918 inserviant,
752 2859 861 2902 nec
892 2839 1061 2903 saluti
1095 2848 1332 2904 nostrae
1378 2838 1469 2900 vel
1503 2840 1734 2902 mlnime
1765 2840 2169 2906 detrimentum
2209 2838 2475 2927 afferant.
2503 2833 2616 2922 ¹⁰⁶)

348 2942 586 3009 Etenim
630 2964 701 3009 ea
745 2943 1012 3021 felicitae,
1057 2962 1208 3025 quae
1249 2959 1451 3006 omnes
1494 2942 1788 3022 utilitateS,
1840 2944 1911 3006 ad
1944 2944 2119 3007 vitam
2149 2944 2297 3006 bene
2330 2944 2620 3024 beateque

351 3047 681 3131 degendam
727 3051 1099 3132 perinentes,
1130 3050 1201 3116 in
1248 3066 1314 3112 se
1367 3050 1659 3124 continet,
1706 3055 1880 3129 atque
1924 3064 2185 3113 summus
2231 3049 2613 3112 bumanorum

350 3163 664 3219 conatuum
706 3154 833 3217 finis
878 3161 986 3226 est,
1030 3171 1146 3218 non
1189 3154 1446 3216 cernitur
1478 3153 1547 3231 iis
1598 3153 1787 3232 boniS,
1832 3172 1986 3236 quae
2018 3153 2259 3218 fortuito
2291 3153 2617 3217 bominibus

357 3261 721 3340 contingunt,
767 3258 874 3322 sed
901 3256 1247 3336 attentione,
1292 3257 1835 3338 circumspectione,
1879 3256 2186 3335 industria,
2226 3258 2430 3319 virium
2463 3275 2618 3320 con-

354 3365 615 3427 tentione
659 3362 990 3443 acquiratur
1035 3377 1282 3424 necesse
1327 3366 1433 3423 est.
1463 3355 1575 3442 ¹⁰⁷)
1666 3360 1961 3424 Summum
2007 3361 2182 3445 igitur
2227 3360 2442 3423 bonum
2482 3359 2618 3423 nihil

354 3466 504 3531 aliud
565 3473 688 3543 est,
747 3483 918 3547 quam
976 3464 1223 3528 felicitas
1266 3463 1461 3527 studio
1506 3470 1565 3525 et
1606 3463 1809 3527 labore
1851 3470 2032 3546 parta.

528 3571 640 3633 lam
684 3567 757 3633 ad
802 3568 1064 3653 singulas
1110 3569 1353 3631 virtutes
1398 3583 1507 3631 uos
1553 3576 1980 3631 convertamus,
2005 3563 2121 3651 ¹⁰⁸)

534 3670 608 3758 1)
655 3675 1199 3756 Temperantia
1247 3679 1337 3735 est
1382 3690 1451 3734 ea
1496 3673 1719 3750 virtuS‚
1765 3690 1917 3752 quae
1963 3673 2354 3755 appetitiones
2400 3679 2458 3734 et
2501 3691 2615 3737 cu-

353 3777 623 3859 piditates
684 3773 826 3862 (τὰς
869 3773 963 3841 διὰ
1004 3782 1106 3840 τοῦ
1152 3772 1415 3859 σώματος
1456 3770 1704 3859 ὓδονάς)
1751 3775 1984 3839 cohibet
2028 3776 2334 3857 sedatque,
2378 3777 2618 3839 easdem

354 3890 554 3945 rectae
596 3882 837 3946 rationis
880 3882 1122 3963 imperio
1166 3883 1416 3959 subiicit,
1462 3888 1522 3942 et
1565 3882 1775 3944 mentis
1806 3881 2108 3944 sanitatem
2140 3886 2471 3945 conservat.
2502 3874 2615 3962 ¹⁰⁹)

358 4017 427 4028 fi
456 4022 463 4026 0
488 4019 812 4029 Μμψι--ι--κ
828 4021 847 4026 *0
864 4023 875 4028 ψ

497 4102 620 4168 105)
657 4104 718 4157 cf.
756 4104 900 4156 Mem.
937 4102 1024 4165 111,
1059 4103 1108 4153 8.
1147 4104 1223 4165 55.
1260 4108 1309 4156 6.
1348 4106 1430 4158 10.
1483 4103 1779 4156 Stallbaumt
1826 4103 2024 4168 Proleg.
2054 4103 2116 4154 ad
2164 4101 2286 4154 Plat.
2322 4102 2469 4170 Hipp.
2500 4101 2619 4157 Mai.

355 4209 406 4259 p.
447 4193 558 4244 155.
597 4190 698 4244 Cic.
736 4192 800 4245 de
836 4189 917 4243 off.
951 4189 1035 4242 111.
1061 4188 1108 4241 3.
1140 4191 1339 4259 „itaque
1373 4193 1660 4259 accepimus
1696 4191 1949 4243 Socratem
2000 4192 2248 4242 exsecrari
2275 4190 2471 4240 solitum
2508 4203 2614 4252 eoa,

359 4281 440 4348 qui
491 4280 701 4347 primum
749 4279 876 4331 haec
921 4274 1241 4342 (honestum,
1295 4285 1375 4338 et,
1428 4276 1573 4343 utile)
1629 4286 1801 4331 natura
1850 4278 2170 4331 cohaerentia
2207 4278 2443 4344 opinione
2498 4276 2605 4330 dia-

357 4368 633 4419 traxissent.

503 4448 632 4518 106)
670 4450 733 4503 cf.
773 4450 919 4503 Mem.
954 4450 1038 4514 IV,
1078 4450 1129 4512 2,
1163 4448 1246 4501 34.

498 4539 626 4599 107)
663 4538 727 4590 cf.
768 4537 911 4589 Mem.
949 4536 989 4599 1,
1028 4538 1076 4597 2,
1113 4535 1158 4599 §-
1196 4536 1277 4587 57.
1314 4533 1378 4597 11,
1416 4535 1461 4586 1.
1499 4533 1546 4596 §.
1584 4536 1669 4586 20.

504 4624 634 4680 1081
670 4624 732 4677 cf.
771 4622 965 4675 Zeller:
1002 4621 1320 4690 Philoaopbie
1358 4621 1448 4671 der
1483 4619 1743 4674 Griecheu.
1776 4620 1840 4677 11.
1876 4638 1925 4690 p.
1962 4622 2046 4677 62.
2082 4623 2164 4675 64.

504 4708 628 4777 109)
664 4710 809 4765 Mem.
844 4707 886 4777 1,
922 4709 972 4762 5.
1006 4707 1070 4773 11,
1111 4708 1256 4764 1-7.
1289 4705 1379 4772 w,
1416 4705 1464 4759 5.
