3242 5267
1700 731 1787 800 32

610 925 843 990 semper
863 910 1099 990 paratos
1125 922 1280 983 esse,
1297 906 1513 969 amicos
1530 903 1909 992 oportet.¹¹⁹)
1955 905 2257 973 Amicitiae
2279 908 2457 992 igitur
2479 909 2707 974 laudem
2731 912 2861 978 inde

605 1011 1222 1093 petitXenophonteus
1233 1011 1525 1089 Socrates,
1538 1014 1697 1092 quod
1713 1012 2029 1075 amicorum
2048 1032 2160 1095 ope
2178 1014 2447 1078 utilitates
2463 1016 2858 1097 adipiscamur.

781 1112 900 1198 (5)
956 1113 1302 1177 Concordia
1355 1116 1510 1177 inter
1546 1124 1847 1195 parentes,
1893 1118 2117 1181 liberos
2161 1128 2216 1181 et
2253 1120 2500 1199 fratres.
2589 1122 2858 1186 Parentes

608 1222 852 1283 maxima
897 1222 953 1283 in
1000 1221 1215 1283 liberos
1260 1219 1573 1283 conferunt
1619 1220 1918 1286 beneficia.
2007 1222 2205 1303 ltaque
2247 1222 2452 1303 liberi,
2499 1226 2611 1287 nisi
2657 1227 2856 1306 ingra-

605 1332 794 1388 torum
850 1325 1118 1405 adeoque
1174 1324 1520 1387 iniustorum
1580 1315 1637 1387 in
1697 1342 1941 1390 numero
2000 1327 2198 1391 baberi
2256 1328 2468 1407 velint,
2528 1332 2858 1412 parentibus

604 1431 907 1491 maximam
951 1429 1192 1509 gratiam
1235 1445 1469 1509 semper
1523 1427 1755 1493 referre
1811 1432 2040 1494 debent.
2076 1427 2191 1516 ¹²⁰)
2281 1433 2654 1517 Quapropter
2709 1454 2855 1498 con-

605 1533 804 1596 cordia
849 1533 1000 1595 inter
1044 1541 1317 1614 parentes
1363 1539 1421 1594 et
1468 1531 1718 1611 liberos,
1779 1553 1857 1597 ex
1902 1554 2014 1618 qua
2059 1536 2148 1599 bis
2193 1538 2425 1618 quidem
2468 1540 2853 1620 praestantis-

601 1638 743 1701 sima
802 1636 954 1700 bona
1014 1635 1501 1717 proficiscuntur,
1560 1645 1897 1701 constanter
1956 1648 2015 1701 et
2062 1639 2374 1722 diligenter
2419 1642 2705 1706 servanda
2749 1651 2851 1706 esi.

598 1742 752 1808 luter
795 1739 1010 1802 fratres
1050 1757 1292 1820 quoque
1337 1740 1708 1802 concordiam
1755 1743 1976 1804 servari
2033 1742 2221 1806 decet.
2312 1744 2457 1808 Nam
2519 1748 2590 1824 ii,
2650 1735 2851 1829 quibus

599 1845 812 1908 iratres
855 1851 1010 1920 sunt,
1057 1861 1174 1906 non
1219 1842 1406 1906 solum
1453 1844 1816 1907 inimicorum
1863 1848 1986 1909 irae
2031 1848 2219 1911 minus
2265 1848 2475 1911 obiecti
2521 1857 2689 1927 sunt,
2748 1847 2849 1912 sed

596 1951 764 2012 etiam
811 1950 881 2011 ab
927 1949 1192 2014 omnibus
1237 1949 1458 2010 civibus
1503 1948 1688 2027 magis
1732 1948 2004 2012 coluntur
2049 1957 2108 2012 et
2139 1951 2541 2016 observantur.
2613 1953 2696 2016 cf.
2728 1952 2845 2014 libr.

597 2055 656 2118 ΙΙ.
683 2074 808 2135 cap.
835 2053 892 2116 3.
928 2055 985 2132 §.
1011 2053 1071 2116 4.
1104 2048 1159 2114 οἱ
1186 2048 1354 2115 ἄλλοι
1381 2047 1683 2133 ἄνθρωποι
1707 2048 1913 2133 τιμῶσί
1935 2073 1999 2115 τε
2034 2054 2251 2135 μᾶλλον
2292 2053 2426 2128 τοὺς
2468 2052 2846 2135 συναδέλφους

593 2157 758 2230 ὄντας
798 2164 912 2220 τῶν
956 2151 1312 2237 ἀναδὲλφῶν,
1355 2151 1454 2219 κὰι
1493 2151 1660 2240 ἧττον
1702 2154 1922 2230 τούτοις
1962 2153 2311 2222 ἐπιτίθενται.
2388 2160 2650 2237 Accedit,
2696 2159 2845 2241 quod

591 2265 825 2342 fratres,
870 2264 1093 2325 etiamsi
1138 2262 1317 2344 longo
1363 2264 1547 2342 spatio
1578 2261 1863 2338 disiuncti,
1906 2270 2093 2324 tamen
2128 2268 2430 2326 maximam
2461 2266 2570 2327 sibi
2602 2266 2840 2327 invicem

592 2370 890 2432 utilitatem
949 2366 1239 2447 praebere
1297 2372 1561 2447 possunt.
1610 2383 1665 2425 v.
1711 2364 1836 2427 Lib.
1881 2365 1945 2428 ll.
1994 2364 2052 2428 3.
2106 2366 2202 2428 19.
2248 2401 2330 2412 —-
2375 2368 2466 2431 Ex
2510 2368 2605 2431 lib.
2652 2368 2742 2431 lV.
2783 2364 2844 2427 4.

587 2472 646 2550 §-
677 2473 738 2535 4.
785 2470 1121 2551 intelligitur
1164 2468 1243 2546 id,
1289 2468 1444 2551 quod
1490 2469 1564 2531 de
1609 2467 1885 2531 fratribus
1931 2468 2156 2549 dicitur,
2201 2470 2274 2534 ad
2306 2479 2576 2536 caeteros
2617 2487 2848 2554 quoque

585 2577 948 2660 propinquos
994 2573 1458 2637 transferendum
1506 2590 1659 2635 esse.
1743 2572 1941 2654 ltaque
1985 2577 2315 2659 propinqui,
2368 2612 2439 2622 -
2488 2586 2549 2641 ut
2600 2594 2846 2661 praece-

590 2681 781 2744 dentia
827 2679 1024 2760 paucis
1071 2676 1444 2761 complectar,
1477 2710 1571 2763 ⁴-
1614 2679 1766 2741 inter
1811 2696 1878 2740 se
1909 2680 2238 2744 concordes
2268 2699 2405 2746 esse
2434 2681 2673 2761 debent,
2716 2679 2844 2763 quia

584 2763 616 2847 a
658 2784 779 2849 deo
820 2785 1000 2846 creati
1044 2789 1178 2847 sunt
1222 2781 1293 2845 ad
1342 2788 1595 2845 mutuam
1641 2782 1753 2845 sibi
1798 2799 1968 2863 opem
2016 2784 2332 2848 ferendam.

753 2886 871 2973 (6)
916 2885 1310 2969 Reipublicae
1338 2887 1550 2950 salutis
1580 2906 1749 2950 cura.
1797 2887 1856 2950 Si
1887 2889 2016 2969 quis
2062 2889 2298 2971 ingenio
2329 2889 2400 2953 ad
2431 2890 2839 2973 rempublicam

580 2993 901 3079 gerendam
954 3001 1088 3075 apto
1146 2992 1444 3077 praeditus
1504 3000 1626 3072 est,
1686 3012 1819 3056 eum
1875 2994 2161 3058 civitatem
2220 2995 2728 3059 administrandam
2781 2995 2838 3052 et

580 3121 748 3184 quam
794 3101 1042 3163 maxima
1087 3099 1474 3181 prosperitate
1522 3098 1848 3179 augendam
1894 3101 2198 3182 suscipere
2242 3108 2511 3184 oportet3
2557 3120 2688 3164 nam
2732 3094 2837 3160 nisi

581 3208 835 3270 societas
878 3204 1060 3267 civilis
1103 3202 1310 3280 floret,
1371 3203 1424 3264 b.
1473 3222 1524 3263 e.
1587 3203 1696 3265 nisi
1743 3203 2003 3265 homines
2062 3205 2229 3268 bonis
2273 3206 2500 3289 legibus
2546 3214 2605 3267 et
2653 3206 2835 3268 bene-

582 3309 832 3375 volentia
875 3310 952 3372 ita
996 3310 1148 3372 inter
1190 3324 1259 3371 se
1302 3307 1555 3371 connexi
1599 3312 1767 3384 sunt,
1828 3313 1891 3370 ut
1934 3307 2080 3370 alter
2140 3307 2386 3374 alte'rum
2445 3329 2684 3391 semper
2726 3304 2833 3370 ad·-

580 3417 761 3495 iuvet‚
804 3413 1066 3478 summae
1112 3413 1281 3475 huius
1324 3411 1478 3474 vitae
1524 3410 1965 3474 commoditates
2007 3429 2079 3474 ac
2108 3431 2331 3478 summa
2362 3413 2603 3477 felicitas
2635 3407 2833 3492 attingi

580 3527 896 3600 nequeunt.
986 3516 1336 3599 Respublica
1381 3522 1609 3591 autem,
1671 3533 1823 3596 quae
1883 3515 2034 3579 bene
2094 3518 2403 3581 constituta
2450 3524 2540 3580 est
2582 3525 2645 3579 et
2687 3517 2832 3578 bene

578 3623 1027 3698 administratur,
1073 3620 1329 3685 omnium
1360 3619 1724 3700 singulorum
1755 3619 1962 3682 civium
2004 3620 2248 3683 salutem
2296 3630 2355 3684 et
2386 3623 2829 3704 prosperitatem

574 3732 899 3809 promovet.
986 3726 1184 3806 ltaque
1229 3724 1279 3786 si
1324 3723 1739 3804 rempublicam
1777 3715 2225 3805 amplificamus,
2270 3743 2385 3787 non
2431 3727 2619 3788 solum
2666 3740 2831 3787 com-

576 3833 732 3894 muni
775 3830 1049 3907 felicitati,
1092 3828 1200 3891 sed
1246 3828 1416 3889 etiam
1463 3834 1699 3889 nostrae
1744 3827 2002 3908 ipsorum
2048 3827 2303 3890 felicitati
2348 3831 2561 3910 optime
2608 3842 2829 3891 consu-

575 3935 760 3998 limus.
849 3932 934 3996 Cf.
980 3933 1106 3995 libr.
1149 3930 1235 3994 lll.
1283 3948 1408 4012 cap.
1457 3928 1514 3993 7.
1559 3929 1616 4006 ὃ.
1666 3930 1722 3991 9.
1779 3923 1876 3992 καὶ
1917 3927 1994 4012 μὴ
2041 3924 2239 4011 ἀμέλει
2277 3937 2391 3994 τῶν
2433 3937 2537 4015 τῆς
2577 3927 2828 4003 πόλεως,

573 4035 639 4101 εἷ’
667 4059 721 4100 τι
761 4032 994 4100 δύνατόν
1038 4033 1155 4099 ἐστι
1197 4031 1292 4099 διὰ
1334 4030 1401 4097 σὲ
1443 4028 1661 4115 βέλτιον
1705 4031 1876 4115 ἔχειν·
1934 4030 2152 4096 τούτων
2180 4030 2290 4117 γὰρ
2324 4036 2523 4107 καλῶς
2557 4031 2826 4117 ἐχόντων,

578 4140 646 4206 οὔ
691 4139 858 4225 μόνον
902 4136 957 4204 ὁι
999 4138 1165 4204 ἄλλοι
1203 4139 1448 4217 πολῖται,
1495 4133 1649 4201 ἀλλὰ
1690 4134 1786 4200 καὶ
1830 4133 1886 4199 ὅι
1926 4158 2016 4200 σοι
2059 4136 2212 4220 φίλοι
2252 4134 2350 4202 καὶ
2390 4134 2561 4211 αὐτὸς
2603 4137 2672 4202 σὺ
2722 4127 2827 4198 οὒκ

571 4242 847 4329 ἐλάχιστα
889 4241 1183 4329 ὠφελήσῃ.
1251 4246 1345 4308 Sic
1390 4246 1564 4325 igitur
1608 4244 1664 4304 in
1711 4244 2061 4324 reipublicae
2105 4245 2305 4307 salutis
2352 4263 2490 4307 cura
2522 4256 2825 4307 commen-

577 4352 782 4428 danda,
828 4352 1317 4433 Xenophonteum
1360 4348 1659 4413 Socratem
1704 4356 2042 4429 argumenta
2087 4350 2161 4412 ab
2206 4348 2459 4413 utilitatis
2503 4345 2823 4414 rationibus

572 4458 750 4540 petita
788 4457 1069 4521 adhibere
1111 4455 1453 4538 reperimus.

716 4696 841 4762 119)
877 4698 940 4750 ci.
980 4697 1124 4750 Mem.
1153 4697 1216 4758 11,
1252 4711 1398 4767 capp.
1435 4694 1487 4749 6.
1524 4694 1604 4748 10.

713 4784 838 4852 120)
872 4784 936 4838 cl'.
973 4783 1117 4839 Mem.
1153 4783 1216 4847 11,
1249 4785 1302 4837 2.
