3242 5267
1738 700 1823 768 28

811 875 1160 940 Rectissime
1220 891 1329 937 nos
1387 872 1461 936 de
1535 873 1680 936 locis
1740 893 1817 937 ex
1875 873 2194 939 Aristotele
2252 870 2527 938 adhibitis
2581 870 2919 956 judicasse,

652 999 864 1060 magno
910 978 1120 1041 indicio
1168 978 1228 1041 C.
1258 978 1317 1040 F.
1354 977 1664 1040 Hermanni
1693 987 1826 1041 sunt
1868 979 2068 1057 verba,
2112 981 2170 1039 in
2208 979 2358 1040 bunc
2390 976 2632 1040 modum
2666 977 2918 1056 toquen-

632 1079 902 1167 ‘tis;¹⁰²)
966 1116 1047 1128 --
1112 1082 1281 1161 „Wir
1339 1088 1574 1145 miissen
1636 1102 1701 1150 es
1762 1083 1847 1145 als
1904 1084 2037 1145 eine
2099 1081 2385 1145 Willkiihr
2439 1080 2916 1159 zuriickweisen,

648 1206 822 1251 wenn
869 1188 925 1250 in
972 1186 1072 1249 die
1109 1187 1588 1250 Aristotelisclien
1638 1185 1986 1250 Ausdriicke
2033 1184 2138 1248 der
2181 1186 2317 1247 Sinn
2364 1186 2544 1248 eines
2596 1186 2756 1248 nicht
2803 1203 2916 1249 von

653 1291 758 1355 der
801 1291 1132 1373 Erfahrung
1177 1298 1517 1372 erzengten,
1561 1289 1818 1352 sondern
1851 1293 1939 1353 sie
1972 1289 2322 1367 lenkenden,
2367 1289 2609 1352 absolut
2642 1289 2914 1352 siche-ren

648 1396 918 1459 Wissens
965 1395 1460 1476 hereingetragen
1508 1392 1625 1455 und
1672 1395 2000 1457 unterstellt
2044 1393 2247 1457 wtrd.“

801 1501 932 1561 'lam
979 1506 1178 1577 restat,
1224 1506 1304 1575 ut,
1349 1500 1696 1577 comparatis
1743 1500 1892 1560 inter
1934 1517 2001 1561 se
2045 1499 2133 1560 liis
2179 1498 2343 1575 lucia,
2387 1497 2523 1578 quid
2582 1495 2660 1558 de
2692 1497 2912 1561 Socra-

651 1605 722 1666 tis
783 1604 935 1684 apud
994 1602 1369 1665 Aristotelem
1429 1601 1655 1684 placitis
1714 1601 2080 1665 statuendum
2141 1602 2311 1665 nobis
2369 1602 2674 1678 videatur,
2720 1601 2913 1682 paucis

655 1707 1127 1788 complectamur.

828 1809 985 1872 Haec
1030 1810 1203 1888 igitur
1245 1807 1537 1871 Socratica
1584 1808 1659 1869 de
1707 1810 1920 1871 virtuto
1965 1808 2203 1872 decreta
2248 1807 2431 1871 luisse
2476 1808 2788 1885 videntum
2831 1843 2911 1856 -

815 1912 869 1975 1.
917 1908 1090 1995 ἀρετή
1139 1936 1220 1967 =
1264 1908 1559 1996 ἐπιστήμη,
1605 1909 1893 1994 φρόνησις,
1939 1908 2129 1993 λογός,
2173 1908 2240 1975 τὸ
2285 1907 2490 1975 εἰδέναι
2535 1921 2651 1975 etc.

831 2017 890 2080 2.
940 2018 1095 2081 Haec
1140 2012 1413 2101 ἐπιστήμη
1459 2029 1569 2081 etc.
1617 2020 1673 2081 in
1721 2022 2077 2099 experientia
2123 2026 2410 2096 versatur,
2454 2026 2635 2099 atque
2680 2017 2754 2079 ab
2797 2035 2910 2080 ex·-

656 2123 936 2203 perientia
982 2123 1228 2204 pendet:
1273 2154 1358 2168 -
2877 2138 2882 2142 ·

836 2244 988 2305 quae
1034 2226 1264 2307 quidem
1311 2224 1547 2288 decreta
1592 2226 1916 2289 arctissime
1961 2245 2226 2290 connexa
2273 2244 2408 2289 esse
2450 2227 2608 2290 inter
2644 2244 2714 2289 se
2744 2231 2909 2306 atque

652 2331 938 2412 copulata,
984 2332 1169 2410 primo
1214 2340 1454 2411 aspectu
1505 2332 1876 2411 perspicuum
1924 2339 2047 2405 est3
2095 2349 2285 2410 neque
2329 2350 2394 2393 re
2441 2333 2564 2411 ipsa
2611 2351 2643 2392 a
2691 2331 2905 2394 Socra-

654 2436 726 2496 tis
771 2435 1068 2509 doctrina,
1128 2433 1312 2512 qualis
1371 2451 1405 2495 a
1462 2432 1851 2516 Xenophonte
1899 2436 2101 2496 tradita
2145 2442 2282 2517 ⁸est,
2340 2435 2715 2516 discrepare,
2762 2450 2905 2496 nunc

656 2538 1164 2600 demonstrandum
1209 2544 1317 2599 est.

1495 2730 1583 2794 ΙΙ.
1630 2728 2061 2804 Xenophon.

821 2843 1337 2930 {sut-linerosffi’)
1375 2847 1634 2911 Socratis
1701 2850 1906 2931 placita
1965 2846 2406 2930 Xenophonteis
2466 2846 2896 2911 comme-martis

648 2956 987 3035 consignata
1035 2955 1106 3016 ad
1157 2953 1489 3040 disciplinae
1522 2953 1827 3016 formulam
1867 2956 2188 3031 revocavit,
2234 2954 2505 3030 eundem,
2552 2972 2726 3036 quom
2766 2954 2898 3015 Dis-

648 3053 1022 3138 senius-‚¹⁰0
1082 3058 1137 3117 in
1199 3057 1440 3137 singulis
1497 3057 1828 3119 Socraticae
1874 3056 2173 3119 doctrinae
2220 3058 2474 3139 partibus
2520 3057 2898 3139 disponendis

646 3178 905 3242 sequens
951 3161 1215 3224 ordinem
1232 3180 1249 3235 ς
1295 3162 1458 3222 cuius
1504 3161 1802 3221 doctrinae
1848 3161 1991 3223 baec
2020 3162 2205 3242 capita
2235 3169 2403 3235 sunt3
2450 3193 2532 3203 -—
2579 3180 2732 3242 quae
2767 3162 2897 3240 qui-

651 3264 781 3328 dem
828 3284 957 3328 cum
1002 3266 1344 3348 placitorum
1388 3265 1462 3327 ab
1492 3264 1805 3328 Aristotele
1834 3264 2055 3329 Socrati
2086 3265 2448 3328 addictorum
2483 3284 2712 3329 summa
2740 3265 2900 3348 plane

651 3371 982 3432 concinunt.
2867 3383 2873 3392 ·

821 3471 860 3537 1.
933 3474 1248 3551 Bonum,
1293 3471 1446 3555 qnod
1493 3472 1891 3554 quaerendum
1922 3478 1980 3535 et
2018 3475 2408 3556 expetendum
2442 3481 2530 3538 est
2563 3475 2899 3550 hominibus,

650 3576 924 3659 quodque
973 3596 1177 3641 omnes
1224 3585 1422 3639 natura
1469 3578 1592 3658 ipsa
1641 3576 1793 3639 duce
1838 3575 1933 3638 vel
1976 3579 2139 3639 inscii
2184 3586 2527 3659 sequuntur,
2575 3588 2669 3643 est
2716 3576 2899 3643 utile

651 3675 998 3764 (ὠφέλιμον,
1036 3678 1329 3762 χρήσιμον,
1358 3675 1703 3763 λυσιτελές).
1764 3681 1913 3743 Utile
1945 3688 2135 3743 autem
2172 3682 2380 3744 dicitur
2419 3682 2497 3760 id,
2541 3683 2697 3764 quod
2735 3682 2897 3745 finem

657 3784 944 3866 quendam
991 3793 1237 3867 spectat,
1282 3785 1587 3863 eidemque
1634 3786 1891 3868 inservit.
1981 3785 2091 3847 Per
2134 3802 2201 3848 se
2264 3787 2436 3869 igitur
2494 3787 2631 3850 nihil
2694 3790 2899 3851 bonum

650 3896 775 3965 est,
834 3888 940 3950 sed
1000 3888 1146 3950 adsit
1194 3906 1439 3950 necesse
1484 3895 1612 3969 est,
1656 3905 1772 3969 quo
1817 3887 2145 3965 referatur,
2203 3895 2261 3951 et
2307 3892 2400 3953 cui
2447 3893 2584 3953 utile
2630 3893 2718 3955 sit.
2810 3890 2899 3953 Sic

649 3991 900 4072 legimus
944 3992 1113 4055 Mem.
1160 3991 1248 4069 ΙΙΙ,
1290 3989 1332 4055 8
1376 3992 1435 4070 §-
1484 3989 1539 4055 3.
1633 3986 1785 4055 ἀλλὰ
1826 3990 1968 4075 μήν,
2012 3990 2161 4074 ἔφη,
2204 3991 2308 4076 {ir
2352 3990 2574 4086 ἐρωτᾷς
2615 4014 2718 4076 με,
2762 3991 2815 4055 ἔι
2850 4009 2898 4052 τι

657 4091 873 4176 ἀγαθὸν
917 4087 1069 4174 οἶδα,
1115 4089 1149 4158 ὃ
1191 4090 1430 4176 μηδενὸς
1473 4089 1692 4177 ἀγαθόν
1737 4091 1880 4158 ἐστιν
1900 4144 1916 4177 ,
1960 4094 2078 4160 οὔτ’
2123 4090 2258 4161 οἴδα
2273 4146 2288 4177 ,
2334 4097 2469 4180 ἔφη,
2512 4093 2644 4161 ὀὔτε
2689 4094 2896 4180 δέομαι.

658 4201 747 4262 De
790 4199 1033 4282 pulchro
1077 4219 1315 4281 quoque
1358 4200 1508 4262 idem
1557 4201 1861 4265 dicendum
1907 4209 2015 4281 est,
2065 4219 2194 4266 nam
2241 4204 2372 4266 nihil
2416 4204 2716 4286 pulchrum
2754 4201 2898 4262 dici-

660 4309 772 4383 tur,
818 4304 924 4366 nisi
968 4304 1194 4367 ratione
1241 4305 1365 4369 eius
1410 4304 1621 4381 habita,
1666 4305 1737 4370 ad
1784 4307 1939 4388 quod
1985 4307 2125 4372 utile
2168 4308 2258 4371 sit.
2320 4307 2490 4374 Mem.
2524 4308 2611 4388 111,
2656 4307 2717 4389 8,
2753 4307 2812 4387 §.
2841 4301 2896 4367 ⁷.

804 4472 930 4537 102)
966 4473 1263 4529 Geschichte
1300 4476 1401 4528 und
1436 4477 1631 4545 system
1670 4479 1762 4531 dor
1794 4479 1913 4532 Ptat.
1954 4479 2131 4532 Philos.
2166 4496 2217 4547 p.
2252 4480 2367 4533 251.

799 4560 921 4626 103)
960 4562 1160 4631 Proleg.
1196 4563 1258 4614 ad
1294 4564 1419 4616 Xen.
1455 4564 1599 4618 Mem.
1639 4583 1685 4633 p.
1725 4568 1911 4621 4-10.

663 4648 936 4809 masao-41).
978 4648 1411 4808 lgemgbilosopbia
1457 4652 1636 4706 morali
1682 4655 1734 4706 in
1781 4654 2127 4769 Xenophontis
2174 4654 2238 4706 de
2285 4657 2490 4710 Socrate
2538 4650 2896 4710 commentarii·
