3242 5267
1729 753 1809 822 16

801 923 883 1011 2)
927 925 1185 993 Socratis
1243 925 1494 991 omnium
1530 924 1916 993 Graecorum
1979 929 2451 1013 philosophorum
2510 932 2730 1015 primus
2774 933 2896 999 hu-

626 1034 778 1098 mani
821 1032 990 1096 animi
1033 1049 1307 1095 recessus
1351 1040 1751 1113 perscrutatus
1797 1041 1915 1113 est,
1962 1036 2169 1098 mentis
2218 1037 2327 1098 vim
2361 1043 2537 1118 atque
2582 1038 2898 1118 rationem,

628 1137 954 1204 accuratius
999 1136 1368 1214 examinavit,
1414 1138 1601 1199 omnis
1647 1145 1883 1199 nostrae
1931 1140 2281 1218 cognitionis
2326 1148 2587 1204 naturam
2624 1142 2895 1207 subtilius

627 1242 1064 1326 pervestigavit,
1109 1247 1286 1321 atque
1330 1240 1443 1303 hoc
1489 1240 1662 1303 modo
1709 1239 1921 1321 effecit,
1967 1251 2029 1304 ut
2074 1244 2474 1327 philosophiae
2520 1245 2777 1311 firmiora
2823 1266 2897 1310 ac

629 1346 908 1412 solidiora
951 1346 1465 1410 substernerentur
1510 1342 1898 1407 fundamenta.
1924 1340 2011 1428 ⁵⁷)
2102 1349 2471 1431 Quapropter
2529 1350 2586 1411 in
2633 1350 2896 1415 Socratis

629 1451 892 1516 doctrina
950 1469 1079 1514 eam
1139 1447 1580 1530 philosophandi
1652 1450 1934 1512 rationem
1993 1461 2365 1532 agnoverunt
2421 1453 2547 1516 eius
2607 1452 2895 1536 discipuli,

610 1558 722 1620 ‘cui
765 1558 998 1619 inventa
1042 1573 1147 1617 sua
1191 1552 1653 1633 superstruenda
1698 1550 2040 1636 essent‚⁵⁸)
2101 1563 2279 1635 atque
2324 1557 2540 1620 idcirco
2587 1558 2894 1622 Socratem

626 1663 811 1742 ipsum
858 1659 1045 1722 omnis
1089 1658 1407 1738 sapientiae
1453 1663 1510 1717 et
1556 1676 1734 1718 verae
1792 1657 2202 1740 philosophiae
2249 1662 2643 1724 restitutorem
2705 1681 2893 1744 prae-

608 1765 982 1854 dicaverunt.

796 1867 872 1950 3)
918 1868 977 1930 In
1024 1864 1389 1946 exponendis
1436 1871 1494 1926 et
1538 1865 1888 1948 illustrandis
1951 1867 2171 1946 placitis
2232 1870 2353 1931 suis
2415 1869 2724 1933 adhibebat
2771 1869 2894 1937 So-

624 1980 818 2037 crates
878 1972 1250 2052 multiplicem
1309 1978 1368 2033 et
1436 1989 1678 2051 prorsus
1738 1971 2129 2035 admirabilem
2191 1972 2519 2055 disputandi
2576 1976 2893 2054 rationem,

625 2077 920 2141 mirificam
961 2076 1310 2140 audientium
1356 2076 1580 2139 animos
1628 2077 1885 2139 novitate
1933 2077 2203 2156 tenendi,
2250 2086 2425 2160 atque
2469 2080 2646 2143 variis
2690 2078 2890 2143 homi-

628 2201 764 2247 num
821 2182 1070 2264 ingeniis
1131 2183 1452 2244 orationem
1512 2198 1676 2244 suam
1723 2187 1782 2243 et
1828 2180 2078 2245 docendi
2121 2182 2405 2245 rationem
2472 2182 2895 2250 accomodandi

622 2288 902 2371 peritiam.

793 2390 874 2477 4)
921 2391 1137 2474 Negari
1181 2398 1371 2454 autem
1417 2408 1532 2453 non
1581 2396 1774 2472 potest
1815 2389 2112 2471 Sophistas
2172 2392 2426 2455 omnium
2482 2393 2543 2455 in
2602 2410 2671 2455 se
2730 2411 2891 2457 con-

624 2499 876 2562 vertisse
920 2495 1161 2571 oculos,
1207 2502 1266 2558 et
1311 2493 1547 2559 multum
1593 2496 1938 2558 auctoritate
2000 2495 2152 2577 apud
2212 2497 2523 2579 populares
2582 2515 2724 2562 suos
2771 2515 2889 2560 va-

621 2602 821 2666 luisse.
911 2602 1325 2672 Verumtamen
1370 2598 1634 2663 doctrina
1679 2617 1904 2678 eorum,
1949 2601 2048 2679 qui
2093 2601 2284 2664 omnia
2323 2600 2393 2664 ad
2424 2602 2654 2666 inanem
2687 2622 2890 2684 quan-

622 2707 752 2771 dam
809 2706 1102 2769 referrent
1159 2704 1478 2785 sapientiae
1536 2703 1830 2784 speciem,
1889 2702 2070 2767 multo
2135 2705 2414 2770 maiorem
2476 2707 2766 2770 levitatem
2820 2726 2893 2771 ac

624 2813 935 2877 vanitatem
981 2809 1263 2886 exhibuit,
1308 2827 1477 2890 quam
1525 2807 2019 2871 vehementissimi
2062 2808 2465 2890 Xenophontis
2513 2810 2886 2875 detrectato-

623 2935 722 2981 res
768 2914 1179 2996 Xenophontei
1222 2913 1479 2977 Socratis
1523 2912 1924 2992 philosophiae
1969 2911 2260 2994 applicare
2306 2915 2432 2978 ausi
2478 2909 2746 2996 sunt.⁵⁹]

795 3015 874 3102 5)
921 3020 1044 3081 Huc
1089 3017 1340 3100 denique
1386 3015 1647 3094 accedit,
1704 3015 1860 3098 quod
1907 3016 2182 3080 Socrates
2241 3017 2394 3080 vitae
2438 3018 2776 3100 integritate
2826 3025 2891 3081 et

621 3144 848 3189 morum
893 3114 1201 3188 sanctitate
1239 3121 1691 3186 illustrissimum
1736 3119 2071 3201 probitatiS,
2115 3122 2562 3203 temperantiae,
2605 3121 2886 3202 iustitiae,

622 3228 808 3295 omnis
854 3227 1080 3291 virtutis
1126 3225 1430 3306 exemplar
1472 3225 1757 3306 praebuit.
1779 3220 1868 3305 ⁶⁰)

715 3363 720 3369 ·
799 3334 1004 3413 „Quae
1049 3331 1278 3413 quidem
1325 3331 1513 3393 omnia
1556 3331 1608 3392 si
1654 3328 2008 3412 cogitatione
2056 3327 2368 3409 complecti
2413 3328 2714 3408 volumus,
2760 3330 2884 3393 mi-

619 3440 735 3502 rari
780 3437 1136 3514 desinemus,
1181 3435 1337 3516 quod
1382 3435 1656 3500 Socrates
1701 3433 1847 3512 talis,
1892 3432 2075 3514 qualis
2113 3452 2147 3495 a
2177 3432 2572 3511 Xenophonte
2604 3432 2886 3515 descrip-

618 3550 714 3607 tus
759 3548 871 3622 est,
916 3548 1130 3605 tantam
1174 3539 1329 3621 apud
1373 3556 1578 3601 omnes
1624 3539 2104 3602 existimationem
2150 3538 2514 3620 nominisque
2556 3538 2887 3601 claritatem

616 3647 725 3711 sibi
771 3665 1003 3727 parere,
1048 3653 1107 3707 et
1147 3645 1244 3706 vel
1288 3647 1343 3705 in
1391 3643 1583 3707 divino
1614 3642 1866 3706 Platonis
1910 3643 2148 3724 ingenio
2192 3648 2406 3705 tantam
2450 3642 2711 3705 excitare
2758 3661 2885 3724 po-

611 3750 788 3815 tuerit
844 3749 1314 3826 admirationem,
1386 3753 1449 3811 ut
1506 3749 1555 3809 is
1626 3748 1814 3810 omnia
1874 3764 1979 3809 sua
2061 3746 2344 3808 tribueret
2401 3747 2680 3827 magistro
2741 3762 2884 3826 sue,

621 3874 658 3919 e
709 3855 873 3918 cuius
945 3872 1051 3918 ore
1120 3853 1305 3934 prima
1377 3853 1565 3916 omnis
1645 3867 1824 3916 verae
1903 3851 2255 3934 cognitionis
2329 3861 2644 3935 praecepta
2722 3851 2887 3917 didi-

616 3958 852 4026 cisset.“
876 3954 966 4042 ⁶¹)

1012 4117 1205 4124 ..-ᾑ-

754 4204 852 4272 57)
889 4206 954 4259 cf.
992 4205 1235 4259 Kuehner.
1290 4203 1490 4270 Proleg.
1537 4202 1601 4255 ad
1650 4202 1775 4258 Xen.
1822 4200 1966 4256 Mem.
2005 4218 2053 4270 p.
2091 4202 2170 4255 13.
2220 4210 2273 4256 et
2315 4201 2589 4269 scriptores
2633 4201 2883 4258 historiae

615 4294 976 4365 philosophiae.

754 4380 848 4448 58)
884 4381 951 4434 cf.
986 4381 1168 4434 Zeller.
1221 4378 1543 4447 Philosophia
1578 4377 1669 4431 der
1706 4373 1971 4430 Griechen.
2007 4373 2069 4429 11.
2105 4392 2155 4441 p.
2192 4377 2259 4428 69
2293 4392 2369 4444 sq.

752 4466 846 4622 {33
882 4469 949 4608 gif*
979 4467 1247 4609 ΙΖΙΖὲιιὶἓηιΙι..
1274 4466 1578 4606 Ι(ἔιθεοὶιίοῑιω
1613 4551 1712 4604 und
1751 4549 1945 4617 system
1995 4549 2086 4601 der
2131 4548 2483 4602 Platonischen
2528 4547 2880 4618 Philosophia.

616 4663 667 4715 p.
703 4645 818 4698 257.
869 4642 1118 4695 Kuebner.
1166 4641 1363 4707 Proleg.
1408 4639 1473 4691 ad
1517 4639 1629 4691 Xeu
1674 4638 1816 4691 Mem.
1864 4654 1913 4704 p.
1954 4637 2018 4689 13
2066 4652 2140 4702 sq.
2196 4635 2496 4690 Stallbaum:
2558 4636 2769 4707 „disput
2808 4636 2882 4691 de

614 4731 836 4786 Platonis
872 4732 990 4794 vita,
1025 4730 1242 4795 ingenio,
1276 4736 1327 4780 et
1359 4721 1603 4794 scriptis.“
1640 4739 1692 4793 p.
1733 4724 1813 4779 13.
1848 4720 2069 4794 (Proleg.
2105 4722 2169 4777 ad
2203 4721 2325 4779 Plat.
2362 4719 2527 4791 opp.).

750 4814 845 4885 61)
878 4812 1129 4872 Kuehner.
1163 4812 1199 4868 1.
1233 4811 1268 4868 1.

3095 4227 3102 4258 l
