3242 5267
610 845 892 922 besti-ebt,
949 842 1256 906 einerseits
1315 858 1497 903 unser
1539 840 1846 905 Wissen
1908 839 2166 903 durnin
2227 838 2314 904 als
2373 836 2903 921 allgemeingiiltig

611 950 1098 1025 nactizuwetsem
1143 946 1255 1008 und
1302 945 1661 1007 andrum-its
1707 965 1777 1007 zu
1824 947 2068 1025 wigen,
2114 946 2248 1007 «lass
2296 963 2404 1007 nui·
2450 946 2551 1006 die
2600 962 2715 1005 ans
2765 944 2900 1004 ilem

610 1055 849 1116 Wissen
911 1052 1055 1115 odei·
1117 1050 1424 1113 Erkennen
1489 1051 1604 1113 und
1666 1052 1830 1111 einer
1891 1049 2145 1111 ‹tacturch
2203 1048 2522 1128 geli-iteten
2575 1045 2901 1110 Sellistlie-

610 1161 924 1239 stiuunung
973 1155 1495 1233 hervorgelienden
1545 1156 1826 1215 Antrielie
1887 1156 2002 1215 und
2052 1154 2430 1235 Hunillungm
2497 1153 2595 1216 tur
2658 1152 2898 1231 sittlirh,

616 1262 999 1325 Erkenntniss
1058 1260 1165 1319 dei·
1211 1257 1457 1338 Tugenrl
1522 1257 1670 1319 odei·
1729 1258 2006 1319 sittliches
2054 1256 2290 1318 Wissen
2350 1258 2536 1320 daber
2586 1257 2683 1317 fiir
2730 1257 2897 1318 End-

611 1365 812 1428 ziv‹·‹·lt
861 1383 1106 1425 unsel-er
1154 1345 1620 1442 Bestrebungen,
1669 1361 1781 1422 und
1831 1360 2337 1435 Wotitvertiattem
2386 1362 2545 1424 nicht
2593 1361 2895 1423 Wolilbe-

610 1469 836 1544 finden,
897 1467 988 1528 stit·
1050 1466 1152 1526 dus
1214 1466 1456 1527 boehste
1518 1465 1633 1525 Gut.
1692 1464 1839 1525 oder
1884 1463 2345 1546 Gtuvksettgkeit
2401 1484 2474 1526 zu
2536 1465 2736 1527 balten
2786 1465 2893 1526 sei.

613 1573 719 1633 Die
752 1569 992 1650 Tugend
1041 1569 1383 1631 bezeichnel
1429 1586 1494 1628 et·
1540 1567 1738 1629 darum
1785 1567 1869 1629 als
1907 1567 2167 1646 Wissen‚
2214 1569 2409 1631 wollte
2456 1569 2636 1631 keine
2687 1569 2894 1631 Metir-

610 1678 724 1740 b'eit
771 1675 1078 1736 derselben
1126 1673 1537 1735 anerkennen:
1583 1673 1696 1734 unii
1735 1672 1937 1747 lenite,
1984 1674 2088 1734 ilas
2122 1673 2273 1735 Biise
2303 1679 2390 1737 sei
2430 1674 2531 1736 auf
2561 1674 2894 1737 Unfreiheit

617 1780 763 1843 oili-r
808 1777 909 1839 auf
949 1778 1179 1858 Mangel
1224 1759 1297 1838 un
1344 1778 1627 1838 sittlieher
1670 1776 2089 1856 Erkenntniss,
2148 1780 2303 1840 nieht
2362 1778 2466 1841 auf
2504 1780 2741 1841 Gewalt
2786 1780 2893 1840 det·

615 1883 934 1948 sinnliclien
984 1881 1333 1963 Begebrung
1378 1879 1948 1942 zuriiekzusiihren.“

781 1986 1036 2049 Alteram
1085 1987 1252 2046 etiam
1299 1984 1373 2045 de
1419 1984 1527 2046 liae
1571 2002 1639 2045 re
1685 1983 2027 2046 sententiam
2075 1984 2443 2068 protulerunt
2487 1986 2607 2060 alii,
2664 1988 2764 2067 qui
2809 1986 2893 2048 sic

616 2083 1208 2173 disputaverunt399)
1255 2122 1337 2132 —
1384 2108 1461 2150 ex
1505 2107 1614 2166 eo,
1675 2088 1829 2168 quod
1890 2088 2042 2171 apud
2090 2088 2542 2170 Xenophontem
2592 2091 2890 2168 SocrateS,

614 2204 670 2259 ut
719 2195 1066 2255 audientium
1115 2195 1337 2254 animos
1383 2193 1453 2253 ad
1502 2194 1769 2254 virtutem
1816 2196 2124 2266 excitaret,
2170 2195 2570 2257 emolumenta
2620 2195 2887 2255 eiusdem

610 2300 916 2381 proponit,
984 2296 1423 2376 haudquaquam
1487 2297 1754 2358 concludi
1816 2315 2026 2377 posse,
2093 2307 2432 2377 argumenta
2494 2300 2570 2360 ab
2634 2299 2886 2360 utilitatis

612 2404 836 2465 ratione
884 2402 1054 2481 petita
1103 2402 1171 2460 ad
1217 2401 1549 2462 Socraticae
1595 2399 1898 2463 doctrinae
1945 2403 2256 2463 essentiam
2301 2404 2657 2484 pertinuisse
2673 2423 2693 2479 3
2757 2422 2884 2463 nain

616 2506 1011 2587 philosophum
1073 2502 1224 2565 illuni
1287 2504 1427 2565 liaeo
1487 2512 1824 2584 argumenta
1881 2499 1952 2587 (a
2001 2505 2184 2582 nullu,
2246 2525 2319 2568 ne
2380 2506 2684 2589 Evangelii
2747 2508 2884 2588 qui-

617 2611 767 2686 dem,
802 2610 1094 2690 disciplina
1130 2606 1406 2689 exc-lusa)
1449 2617 1585 2669 tune
1615 2609 1801 2669 solum
1840 2611 2114 2685 attulisse‚
2160 2628 2331 2689 quuin
2380 2630 2508 2671 cuin
2558 2613 2881 2692 Aristippo,

614 2712 945 2787 Charmide,
1014 2712 1374 2794 Eutliydeino
1449 2712 1919 2791 colloqueretur,
1997 2732 2240 2795 quorum
2303 2715 2471 2776 animi
2548 2716 2711 2778 nullo
2770 2715 2881 2777 elio

611 2819 789 2881 modo
835 2817 903 2877 ad
953 2818 1219 2877 virtutem
1266 2816 1469 2876 adduci
1516 2819 1857 2897 potuissent.
1900 2811 2007 2898 ¹⁰⁰)

779 2919 957 2983 Nobis
1004 2920 1407 3000 disputationis
1454 2928 1689 2981 nostrae
1735 2919 1958 2982 lirinum
2003 2939 2073 2983 ac
2128 2920 2375 2984 solidum
2438 2920 2875 2985 fundamentum

603 3024 1236 3106 circumspicientibus,
1302 3023 1446 3088 haec
1506 3041 1616 3085 una
1677 3023 1936 3086 doctrina
2001 3042 2069 3087 se
2127 3023 2331 3088 ossert:
2411 3019 2449 3106 ἡ
2511 3022 2697 3109 ἀρετὴ
2759 3019 2882 3090 ἐστὶ

603 3124 910 3210 ἐπιστήμη,
971 3128 1163 3189 Virtus
1222 3135 1313 3189 est
1370 3127 1638 3189 Scientia.
1727 3127 1866 3190 Nam
1923 3129 2219 3191 scientiam
2279 3137 2339 3192 el
2392 3132 2672 3193 virtutem
2729 3151 2864 3194 esse

605 3252 774 3296 unuin
819 3230 1178 3310 eundemque
1222 3234 1498 3293 statuisse
1543 3232 1878 3306 Socratem,
1939 3251 2144 3295 ornnes
2203 3232 2274 3295 ad
2332 3252 2508 3295 unum
2556 3236 2849 3297 alfii-nient

607 3337 808 3417 ltaque
861 3334 1024 3397 locos
1085 3337 1139 3395 in
1200 3352 1327 3396 eain
1385 3336 1728 3398 sententium
1787 3337 1900 3398 iani
1960 3339 2033 3399 ab
2091 3336 2218 3399 aliis
2276 3338 2562 3401 adhibitos
2606 3341 2869 3403 breviter

616 3439 848 3516 afferre,
892 3440 1030 3500 satis
1076 3455 1210 3499 esse
1257 3439 1484 3499 videtur
1500 3458 1517 3513 3
1564 3473 1648 3485 -

788 3543 1026 3604 Aristot.
1073 3541 1200 3604 Etb.
1247 3539 1368 3603 Nic.
1416 3541 1543 3624 (ecl.
1595 3537 1747 3624 Zell)
1793 3541 1882 3620 ΙΙΙ,
1926 3540 1987 3618 8,
2032 3542 2091 3606 6.
2159 3542 2248 3620 Vl,
2301 3541 2396 3617 13,
2441 3545 2498 3608 5.
2571 3545 2694 3610 Eth.
2727 3545 2867 3611 End.

611 3646 654 3722 Ι,
703 3645 759 3720 5,
811 3646 990 3709 1216.
1041 3646 1093 3709 b.
1141 3646 1195 3707 6.
1287 3645 1371 3721 ΙΙΙ,
1427 3647 1478 3722 1,
1540 3645 1720 3709 1230.
1782 3664 1832 3708 a.
1897 3645 1952 3707 7.
2041 3647 2248 3724 Magna
2309 3648 2489 3712 Morul
2565 3650 2606 3727 Ι,
2673 3653 2729 3732 1,
2789 3653 2869 3716 35

555 3827 557 3829 q
615 3750 706 3833 (p.
763 3748 942 3812 1198.
997 3747 1112 3832 10)
1156 3749 1211 3822 Ι,
1267 3749 1365 3812 21.
1414 3747 1508 3831 (p.
1560 3750 1681 3813 160
1727 3747 1832 3832 Α).
1920 3749 2068 3812 Xen.
2114 3752 2356 3814 Memor.
2404 3753 2445 3829 Ι,
2495 3754 2548 3832 1,
2601 3756 2695 3818 16.
2787 3756 2872 3835 ΙΙΙ,

614 3857 674 3927 9,
719 3853 778 3916 4.
849 3852 936 3924 lV,
983 3853 1042 3931 6,
1087 3853 1126 3913 2
1172 3872 1298 3934 sqq.
1349 3852 1406 3929 7,
1457 3853 1551 3916 tt.
1621 3854 1890 3935 Sympos·
1936 3853 2124 3916 2.12.
2193 3855 2331 3920 Plut.
2365 3857 2595 3941 Proteg.
2631 3858 2774 3922 329.
2804 3858 2867 3921 Β.

624 3977 752 4040 sqq.
798 3955 940 4019 349.
990 3956 1048 4018 Β.
1094 3976 1219 4039 sqq.
1300 3956 1472 4019 Laeli.
1522 3975 1575 4037 p.
1630 3956 1765 4019 194.

795 4061 1041 4123 Primum
1101 4063 1273 4141 igitur
1316 4061 1625 4123 videndum
1686 4068 1811 4139 est,
1869 4060 2097 4142 qualem
2142 4062 2414 4128 Socrates
2458 4065 2611 4148 apud
2656 4067 2865 4131 Xeno-

623 4163 897 4249 phontem
956 4171 1023 4227 et·
1075 4163 1451 4229 Aristotelem
1496 4164 1645 4227 hunc
1700 4166 1998 4228 scientiam
2056 4185 2194 4232 esse
2249 4171 2547 4246 statuerit3
2603 4190 2732 4235 nam
2792 4170 2865 4234 de

754 4423 845 4482 99}
882 4416 1166 4480 Delbriick:
1201 4420 1563 4493 „Xenophou“,
1597 4442 1647 4493 p.
1668 4425 1750 4479 68.
1802 4425 2048 4481 Brownez
2083 4428 2284 4496 Histoi-y
2319 4429 2378 4482 of
2406 4427 2638 4485 Classical
2668 4433 2859 4486 Litern-

624 4513 1222 4740 ture-gbfcsstfimm
1268 4599 1331 4652 do
1367 4597 1650 4669 Philosopb.
1684 4601 1859 4656 Mornli
1902 4604 1951 4656 in
1986 4602 2326 4670 Xenophontis
2361 4604 2424 4659 de
2458 4604 2664 4660 Socrate
2701 4604 2857 4659 Com-

620 4687 888 4743 mentariis.
931 4700 980 4754 p.
1085 4721 1100 4739 .
