3242 5267
540 898 637 980 qui
678 898 957 963 lectorem
1001 896 1073 962 ad
1116 897 1254 961 Plat.
1286 896 1461 979 Soph.
1506 898 1650 963 218.
1683 900 1744 962 Β.
1777 889 1979 964 Th'eat.
2031 896 2171 964 147.
2220 899 2289 963 D.
2312 899 2530 964 Politic.
2555 898 2701 964 25⁸2.
2726 897 2792 964 G.

534 1003 820 1067 reiiciunt.
869 1001 947 1087 3)
997 1003 1326 1066 Brandisius
1340 998 1431 1086 ⁷⁹)
1463 1010 1522 1067 et
1550 999 2055 1088 Stallbaumiusffl')
2087 1004 2461 1068 Aristotelem
2492 1005 2794 1068 Socratem

536 1104 715 1186 illum,
763 1107 1160 1189 philosophiae
1205 1114 1543 1189 parentem,
1601 1116 1739 1170 natu
1798 1109 2080 1170 minorem
2127 1110 2484 1173 intellexisse
2527 1117 2794 1189 censent,

533 1217 710 1292 atque
753 1230 787 1274 a
817 1211 1058 1275 Socrate
1102 1218 1240 1274 natu
1287 1212 1508 1275 maiore
1553 1217 1612 1273 et
1656 1212 1820 1273 annis
1866 1219 2149 1292 provecto
2181 1212 2514 1276 distinxisse
2529 1232 2550 1290 3
2595 1215 2791 1295 itaque

533 1315 703 1378 aliam
765 1316 1064 1380 doctrinae
1130 1317 1415 1379 rationem
1470 1302 1738 1379 ⁸Socratis
1796 1315 1978 1379 fuisse
2035 1317 2294 1396 iuvenis,
2352 1317 2555 1395 aliam,
2614 1334 2794 1399 quum

532 1429 726 1482 aetate
771 1421 879 1483 iam
924 1420 1159 1500 longius
1203 1426 1361 1481 esset
1405 1425 1746 1501 provectus.
1792 1418 2131 1483 Brandisius
2178 1429 2371 1484 autem
2416 1421 2561 1484 hacc
2588 1421 2793 1483 habet:

535 1524 754 1603 „Unter
799 1524 929 1586 dem
975 1526 1221 1605 iiingern
1266 1522 1543 1587 Socrates
1590 1523 1822 1585 milchte
1867 1522 2023 1585 wohl
2068 1570 2081 1584 .
2132 1570 2145 1585 .
2197 1571 2209 1585 .
2257 1523 2364 1586 der
2408 1525 2484 1586 im
2531 1524 2794 1587 Platoni-

528 1630 711 1692 sclien
757 1627 1128 1691 Parmenides
1174 1627 1269 1689 die
1312 1632 1510 1689 ersten
1556 1625 1758 1687 Keime
1805 1624 1911 1688 der
1959 1626 2303 1690 ldeenlehre
2364 1627 2793 1690 entwickelnde

529 1732 803 1798 Socrates
846 1732 934 1795 als
975 1731 1257 1813 Jungting
1317 1728 1404 1813 (s.
1453 1730 1781 1792 besonders
1826 1730 2009 1792 Parm.
2055 1749 2112 1812 p.
2163 1729 2304 1794 130.
2350 1729 2453 1815 C.)
2511 1751 2583 1795 zu
2643 1750 2789 1794 ver-

527 1836 737 1916 slehen
803 1836 989 1899 seiu.“
1079 1834 1195 1898 Sed
1262 1835 1523 1896 Graecae
1591 1833 1826 1915 linguae
1892 1835 2043 1897 ratio
2107 1835 2412 1916 prohibet,
2480 1837 2792 1918 quominus

527 1937 677 2002 hanc
753 1940 1292 2022 interpretationem
1352 1938 1705 2019 accipiamus
1721 1932 1849 2020 3⁸¹)
1926 1956 2054 1999 nam
2109 1939 2170 2002 Σ.
2220 1932 2253 2000 ὁ
2295 1933 2441 2017 νέος,
2484 1958 2601 2003 non
2646 1940 2708 2003 Σ.
2756 1933 2791 2001 ὁ

524 2038 821 2126 νεώτερος,
864 2044 1014 2107 idem
1059 2044 1212 2106 valet
1258 2042 1414 2124 quod
1458 2042 1735 2106 Socrates
1781 2042 2153 2121 adolescens,
2199 2049 2260 2104 et
2297 2043 2632 2107 Brandisius
2663 2047 2791 2125 ipse

528 2147 755 2227 docuit,
812 2151 862 2211 si
920 2149 983 2212 Σ.
1042 2141 1077 2209 ὁ
1133 2141 1410 2227 νεώτερος
1473 2155 1532 2208 et
1590 2146 1652 2209 Σ.
1717 2140 1749 2207 ὁ
1808 2143 2127 2226 πρεσβύτης
2185 2165 2360 2209 unum
2420 2148 2790 2229 eundemque

524 2251 817 2315 horninem
877 2269 994 2315 non
1063 2251 1351 2327 indicent,
1410 2245 1727 2331 Σωκράτην
1784 2245 1878 2311 τὸν
1935 2247 2353 2332 πρεσβύτερον,
2409 2270 2524 2315 non
2584 2253 2647 2315 Σ.
2691 2246 2788 2313 τὸν

522 2352 876 2438 πρεσβύτην,
921 2356 1037 2438 legi
1083 2362 1379 2438 oportere.
1468 2354 1585 2417 Sed
1629 2356 1679 2417 si
1728 2373 1825 2417 res
1871 2355 1946 2417 ita
1991 2373 2060 2418 se
2107 2356 2300 2435 habet,
2346 2362 2465 2418 tum
2510 2354 2785 2438 proiecto

524 2458 871 2524 Aristoteles
916 2477 1090 2539 quum
1135 2442 1589 2541 comparaturum
1634 2451 1908 2538 νεώτερον
1970 2466 2243 2540 usurpat,
2300 2459 2473 2522 alium
2529 2460 2788 2521 indicare

523 2563 646 2626 vult
688 2571 865 2646 atque
907 2564 1203 2628 Socratem
1250 2563 1628 2644 sophronisci
1671 2560 1863 2626 filium.
1954 2563 2288 2642 Praeterea,
2333 2563 2442 2627 nisi
2487 2581 2562 2626 eo
2594 2581 2787 2645 usque

521 2667 929 2751 procedamus,
975 2675 1038 2730 ut
1082 2668 1367 2749 dialogum
1415 2665 1767 2730 Parmenidis
1813 2666 2048 2729 nomine
2092 2666 2430 2748 inscriptum
2474 2666 2548 2730 ad
2590 2667 2783 2730 histo-

519 2771 644 2834 riae
688 2770 860 2834 fidem
906 2775 1291 2853 compositum
1336 2789 1493 2848 esse,
1538 2788 1610 2832 ac
1651 2770 1987 2847 Socratem,
2046 2787 2163 2852 quo
2225 2776 2489 2851 tempore
2533 2770 2637 2834 fuit
2682 2774 2782 2834 iu-

518 2876 705 2952 venis,
749 2876 1010 2939 idearum
1055 2875 1376 2939 doctrinam
1420 2874 1827 2951 adumbrasse,
1870 2872 1978 2936 sed
2024 2879 2229 2955 postea
2261 2893 2369 2956 per
2401 2881 2576 2937 totam
2606 2876 2781 2938 vitam

518 2995 810 3060 nunquam
854 2980 1186 3044 excoluisse
1233 2978 1578 3057 credamus,
1623 2977 2165 3058 interpretationem
2225 2995 2395 3059 quam
2440 2977 2776 3042 Brandisius

518 3086 846 3167 proposuit,
889 3086 1120 3147 minime
1163 3085 1418 3166 probare
1462 3083 1797 3164 poterimus.
1844 3116 1929 3129 -

689 3188 902 3252 Contra
945 3188 1261 3251 secundam
1305 3187 1844 3268 interpretationem
1890 3185 2148 3250 fortasse
2201 3189 2486 3270 quispiam
2545 3186 2777 3266 dixerit,

515 3293 866 3358 vocabulum
911 3285 1108 3354 εἰώθει
1149 3292 1219 3355 ad
1264 3292 1538 3356 iuvenem
1583 3293 1902 3354 obscurum
1963 3287 2099 3371 (qui
2142 3292 2199 3353 in
2244 3292 2491 3356 Platonis
2536 3291 2779 3354 Politico

515 3396 810 3462 secundas
869 3403 1090 3460 tantum
1153 3403 1255 3460 aut
1313 3398 1512 3459 tertias
1569 3392 1857 3475 sustinet)
1919 3395 2250 3474 neutiquam
2310 3394 2524 3458 referri
2581 3412 2778 3476 posse.

514 3501 594 3564 At
637 3508 839 3564 contra
899 3519 979 3563 ex
1037 3499 1327 3563 vocabulo
1384 3498 1486 3562 itto
1548 3500 1766 3579 optimo
1823 3499 1950 3560 iure
2011 3497 2280 3561 concludi
2339 3505 2565 3579 potest,
2626 3499 2780 3561 hunc

514 3605 816 3671 Socratem
861 3606 1166 3681 iuniorem,
1210 3621 1560 3685 quamquam
1609 3601 1764 3664 nulla
1809 3601 1917 3664 alia
1963 3604 2091 3664 eius
2134 3602 2480 3684 placitorum
2528 3602 2779 3684 vestigia

513 3708 586 3772 ad
633 3715 888 3772 nostram
933 3715 1182 3772 aetatem
1225 3713 1655 3790 pervenerunt,
1704 3712 2058 3768 tumtamen
2108 3708 2387 3788 temporis
2446 3707 2600 3769 inter
2643 3706 2779 3787 plri-

511 3812 793 3894 losophos
839 3812 987 3876 haud
1032 3811 1214 3876 fuisse
1257 3814 1539 3895 ignotum.
1557 3806 1651 3891 ⁸²)
1720 3810 1799 3873 At
1842 3808 1996 3870 dicat
2040 3807 2248 3889 aliquis
2295 3808 2467 3889 forte,
2484 3804 2579 3893 ⁸³)
2626 3828 2776 3872 sen-

511 3919 719 3978 tentias
803 3933 939 3994 eas,
1033 3933 1188 3996 quae
1278 3916 1426 3978 locis
1504 3912 1841 3977 Aristotelis
1920 3912 2452 3996 Metaphysicorum
2527 3912 2774 3976 laudatis

509 4013 808 4102 Σωκράτει
846 4023 930 4107 τῷ
966 4014 1254 4103 πρεσβύτῃ
1296 4019 1720 4096 attribuuntur,
1766 4034 2093 4098 quanquam
2137 4017 2195 4080 in
2239 4018 2491 4081 Platonis
2535 4017 2770 4099 scriptis

646 4332 745 4402 79)
783 4335 958 4388 Rhein.
995 4333 1115 4387 Mus.
1152 4333 1189 4387 1.
1226 4350 1276 4400 p.
1316 4333 1428 4385 127.

644 4422 739 4488 80)
776 4423 959 4475 Adnot.
996 4421 1061 4473 ad
1097 4421 1215 4472 l'lat.
1252 4421 1407 4489 Soph.
1446 4417 1561 4471 218.
1602 4416 1656 4468 Β.

643 4507 736 4575 81)
773 4509 1047 4563 Hermann:
1108 4508 1404 4561 Geschichte
1452 4507 1554 4557 und
1591 4504 1790 4571 system
1826 4502 1919 4557 der
1953 4501 2300 4556 Platonischen
2333 4501 2518 4556 Philon.
2554 4516 2604 4567 p.
2640 4500 2761 4555 661.

510 4597 677 4650 adnot.
714 4597 831 4648 504.

645 4683 739 4749 82)
775 4683 1052 4735 Hermann:
1089 4680 1121 4732 1.
1160 4679 1187 4730 Ι.
1227 4695 1275 4748 p.
1313 4677 1433 4730 661.
1471 4676 1588 4729 adn.
1626 4677 1743 4731 504.

510 4832 528 4839 ,
598 4783 607 4796 ’
640 4768 736 4839 83)
770 4770 838 4824 ci.
873 4768 1099 4832 Brundin-
1136 4764 1311 4820 Rbeiu.
1346 4762 1474 4817 Mus.
1505 4762 1545 4818 1.
1580 4780 1633 4831 p.
1673 4763 1785 4818 127.
1866 4836 1870 4840 .
