3242 5267
1494 694 1574 760 21

391 867 803 950 reperiantur,
844 873 1238 930 verumtamen
1288 884 1405 930 non
1449 867 1505 929 in
1552 867 1623 930 iis
1672 865 1941 950 dialogis,
1985 869 2042 930 in
2090 867 2297 951 quibus
2328 863 2676 951 Σωκράτους

390 976 495 1033 τοῦ
543 967 688 1035 νέου
732 973 946 1035 mentio
987 971 1064 1034 fit.
1112 972 1250 1046 Sed,
1298 1006 1378 1016 --
1425 979 1486 1034 ut
1529 971 1810 1034 Brandisii
1855 972 2038 1034 verba
2077 972 2333 1046 afferam,
2364 1006 2447 1018 ·—-
2483 974 2675 1052 „ohne

392 1075 726 1140 Riicksicht
772 1076 876 1139 auf
912 1076 1114 1138 solche
1174 1076 1455 1156 Dialogen
1521 1076 1632 1137 den
1692 1076 1846 1140 Sohn
1908 1075 2013 1139 des
2072 1077 2500 1159 Sophroniseus
2557 1095 2674 1141 von

386 1181 599 1264 jenem
654 1182 846 1262 wenig
893 1181 1297 1243 bedeutenden
1331 1179 1613 1262 Jungting
1641 1199 1714 1242 zu
1744 1180 2214 1259 unterscheiden,
2262 1188 2422 1244 wilre
2454 1181 2676 1245 durch-

395 1306 503 1351 aus
553 1288 855 1350 zwecklos
900 1285 1244 1368 gewesen.“
1294 1285 1452 1347 Haec
1498 1294 1691 1347 tanen
1723 1286 2007 1348 sententia
2041 1284 2211 1350 tacite
2245 1284 2430 1347 refelli
2461 1293 2674 1368 potest.

393 1390 544 1454 Nam
617 1388 692 1474 1)
754 1392 864 1452 etsi
923 1391 987 1454 Σ.
1035 1383 1069 1451 ὁ
1111 1386 1431 1470 πρεσβύτης
1488 1390 1792 1452 Socratem
1854 1389 2048 1467 illum,
2107 1387 2505 1470 philosophiae
2561 1409 2676 1472 pa-

398 1501 657 1569 rentem,
704 1502 898 1556 aetate
943 1493 1274 1574 profectum
1322 1492 1628 1573 significat,
1673 1492 2025 1556 Aristoteles
2072 1498 2298 1568 tamen,
2342 1509 2517 1572 quum
2564 1493 2677 1557 hoe

397 1597 690 1679 loquendi
753 1614 947 1678 genus
1007 1604 1284 1678 usurpat,
1343 1598 1494 1658 inter
1553 1598 1809 1677 priorem
1866 1603 1925 1656 et
1981 1595 2369 1675 posteriorem
2429 1593 2676 1659 formam

398 1701 747 1765 Socraticae
791 1700 1192 1783 philosophiae
1239 1701 1314 1763 ita
1360 1700 1724 1781 distinguere
1770 1700 2023 1761 fortasse
2067 1698 2284 1777 voluit,
2342 1704 2405 1761 ul
2458 1699 2546 1775 de,
2578 1700 2675 1764 iu-

399 1806 576 1868 niore
639 1803 792 1885 apud
854 1804 1146 1867 Platonem
1206 1802 1449 1867 Socrate
1509 1803 1745 1866 omnino
1807 1821 1923 1865 non
1981 1804 2289 1884 cogitaret.
2376 1797 2453 1883 2)
2512 1802 2677 1878 Quae

399 1908 784 1983 Brandisius,
829 1907 886 1970 in
934 1909 1132 1971 verbis
1175 1925 1351 1989 supra
1408 1908 1631 1985 citatis,
1690 1913 1892 1970 contra
1951 1904 2265 1968 secundam
2318 1905 2675 1989 interpreta-

401 2014 626 2075 tionem
672 2011 877 2087 altulit,
923 2012 1160 2092 probari
1207 2018 1524 2091 nequeunt,
1570 2013 1617 2073 si
1666 2010 1822 2091 quod
1872 2010 1939 2072 Α.
1977 2010 2080 2072 Th.
2113 2009 2177 2072 H.
2212 2006 2675 2094 Fritzschinsffl)
2787 2015 2798 2030 '

407 2116 612 2180 docuit
659 2134 863 2178 verum
908 2122 996 2177 est
1012 2134 1031 2190 3
1080 2148 1159 2160 —-
1211 2115 1310 2195 ,,Σ.
1360 2108 1393 2175 ὁ
1435 2111 1757 2195 πρεσβύτης
1800 2112 2015 2177 dictum
2062 2121 2153 2175 est
2199 2132 2328 2177 cum
2373 2114 2678 2195 signifiea-

402 2221 568 2283 tione
617 2221 746 2285 eius
795 2218 1067 2293 honoris,
1126 2236 1297 2299 quem
1357 2236 1564 2281 omnes
1626 2226 1826 2280 tratura
1886 2218 2035 2279 duce
2096 2220 2234 2280 viris
2290 2224 2481 2279 aetate
2528 2238 2677 2300 pro-

405 2325 774 2387 vectioribus
836 2322 1147 2400 habemus,
1208 2321 1689 2402 quemadmodum
1753 2340 1895 2384 nos:
1971 2321 2113 2400 „das
2174 2321 2264 2383 hat
2324 2320 2509 2385 sehon
2571 2324 2678 2386 der

407 2429 524 2490 alte
575 2427 718 2490 Kanl
767 2427 975 2506 richtig
1020 2426 1440 2508 einge·s‹·hen,“
1490 2433 1547 2486 et
1580 2427 1816 2488 similia:
1861 2424 1937 2488 cf.
1987 2425 2118 2487 ltimt
2151 2423 2239 2487 lv,
2271 2423 2414 2488 313.
2465 2428 2675 2492 Aesrh.

403 2532 618 2613 Agam.
672 2530 792 2594 198
839 2529 1060 2613 (209).
1110 2530 1229 2593 Cie.
1277 2549 1382 2611 pro
1430 2530 1602 2593 Arch.
1651 2531 1802 2592 vll.“
1873 2527 1951 2613 3)
2001 2531 2233 2593 Etiamsi
2281 2531 2677 2611 Aristotelem,

405 2653 592 2716 quum
628 2634 971 2697 vocabulum
1003 2630 1318 2714 πρεσβύτην
1363 2633 1537 2706 addit,
1585 2635 1866 2696 iuniorem
1914 2634 2063 2716 apud
2112 2634 2405 2697 Platonem
2452 2636 2677 2698 Socra-

408 2746 523 2802 tem
595 2741 894 2818 respicere
960 2740 1387 2814 concedamus,
1472 2738 1688 2816 optimo
1758 2743 1947 2797 tamen
2016 2737 2179 2815 iure,
2244 2738 2293 2798 si
2360 2757 2534 2820 supra
2595 2758 2675 2801 ex

408 2861 563 2906 voce
609 2836 809 2904 εἰώθει
867 2848 1031 2903 recte
1091 2839 1431 2902 conclusum
1484 2848 1606 2918 est,
1673 2857 1980 2902 asserrere
2054 2841 2375 2918 poterimus
2437 2842 2672 2905 Aristo-

406 2947 622 3025 telem,
681 2945 774 3006 vel
821 2962 961 3018 eos,
1020 2944 1118 3024 qui
1179 2946 1305 3005 eius
1368 2943 1440 3003 de
1485 2942 1745 3006 Moribus
1790 2943 2217 3025 praelectiones
2277 2946 2332 3006 in
2390 2946 2675 3025 ordinem,

410 3054 507 3133 qui
560 3069 714 3112 nunc
768 3054 988 3124 exstat,
1055 3048 1448 3130 redegerunt,
1514 3067 1623 3129 pro
1672 3049 2009 3132 necessario
2068 3047 2323 3112 fortasse
2383 3049 2673 3131 hahuisse,

407 3155 669 3219 Socratis
738 3154 993 3216 senioris
1067 3159 1128 3213 et
1196 3152 1434 3214 iunioris
1511 3153 1749 3231 placita,
1822 3171 1972 3233 quae
2037 3153 2108 3215 ad
2176 3154 2549 3234 quaestiones
2615 3156 2672 3217 in

407 3259 521 3322 illis
568 3258 820 3321 Platonis
879 3255 1123 3338 dialogis
1184 3273 1300 3320 non
1359 3257 1690 3337 propositas
1748 3259 2140 3337 pertinerent,
2199 3256 2560 3339 distinguere
2614 3265 2676 3322 et

417 3361 757 3427 diiudicare.

583 3464 642 3528 3.
712 3463 802 3528 Ad
851 3464 1172 3527 testimonia
1218 3480 1296 3525 ex
1348 3461 1510 3525 libris
1568 3461 1642 3523 de
1702 3461 2062 3543 philosophia
2122 3463 2322 3526 morali
2370 3463 2675 3531 Aristoteli

413 3570 722 3651 adscriptis
780 3570 889 3631 rite
934 3567 1325 3645 aestimanda,
1386 3566 1497 3629 hoc
1568 3583 1802 3647 quoque
1875 3566 2025 3629 haud
2094 3570 2670 3649 praetermittendum

418 3679 548 3738 erit.
616 3674 747 3736 'l'ria
793 3673 1004 3755 scripta
1052 3671 1290 3735 moralia
1336 3670 1671 3734 Aristotelis
1717 3671 1948 3733 nomine
1995 3674 2198 3735 tradita
2244 3682 2413 3750 sunt;
2473 3675 2672 3741 Ethica

415 3777 825 3854 Nicomachea,
871 3776 1067 3839 Ethiea
1113 3775 1412 3851 Eudemia,
1454 3773 1661 3855 Magna
1703 3774 1941 3837 Moralia
1958 3793 1976 3851 3
2022 3774 2095 3836 de
2141 3794 2387 3857 quorum
2432 3779 2670 3859 quidem
2746 3841 2759 3855 ,

417 3884 645 3945 ratione
700 3880 806 3940 viri
852 3878 1007 3941 docti
1068 3878 1431 3942 dissentiunt.
1516 3879 2085 3942 Schleiermacherus
2108 3873 2200 3961 ⁸⁵)
2249 3882 2543 3946 contendit
2591 3881 2669 3967 1)

392 3985 627 4066 Magna
675 3980 912 4045 Moralia
955 3983 1026 4043 ab
1070 3983 1199 4063 ipso
1230 3981 1565 4046 Aristotele
1609 3981 1874 4065 profecta
1921 3991 2089 4060 esse,
2143 3982 2392 4064 indeque
2452 3988 2670 4068 optimo

420 4090 544 4153 iure
590 4087 760 4150 tidem
808 4094 865 4148 et
909 4087 1303 4149 auctoritatem
1348 4087 1434 4148 his
1482 4087 1649 4148 tribui
1697 4081 2019 4169 posse;⁸⁶)
2079 4081 2159 4170 2)
2208 4088 2419 4152 Ethicis
2464 4090 2669 4152 Eude..
2717 4135 2724 4140 .

421 4193 572 4272 miiS‚
617 4190 876 4271 quamvis
920 4207 998 4250 ex
1040 4187 1374 4252 Aristotelei
1419 4189 1679 4272 discipuli
1724 4191 2303 4256 commentationibus
2347 4196 2670 4276 composita

752 4362 829 4369 .-ι-ι

561 4463 660 4532 84)
697 4466 753 4518 In
790 4466 920 4519 udat.
956 4467 1105 4519 Arist.
1141 4464 1251 4518 Eeb.
1288 4461 1418 4519 Eud.
1455 4466 1634 4520 Adnot.
1672 4468 1733 4520 aa
1770 4470 1808 4522 1.
1847 4471 1893 4522 5.
1930 4470 2085 4523 1216.
2123 4453 2176 4522 121
2208 4473 2262 4523 24

561 4552 654 4619 85)
690 4554 855 4607 Ueber
891 4554 970 4607 die
1007 4554 1257 4605 ethischen
1297 4553 1482 4606 Werke
1517 4554 1607 4606 des
1630 4555 1925 4609 Aristoteles
1978 4554 2305 4621 (stimmtliche
2329 4558 2543 4625 Werk03
2576 4578 2667 4616 zur

429 4640 765 4707 Philosophie.
806 4639 886 4693 111.
922 4657 970 4707 p.
1007 4637 1321 4705 306—333).

568 4725 663 4795 86)
688 4727 767 4780 ef.
805 4726 992 4782 Glaser.
1029 4726 1124 4782 Die
1157 4725 1470 4799 metaphysik
1506 4725 1595 4781 des
1628 4723 1835 4783 Aristot.
1870 4744 1923 4798 p.
1959 4729 2028 4785 53
2060 4746 2139 4802 sq.

3101 3341 3114 3394 ⁵·-
3103 2977 3128 3260 *ηιξ-
