3242 5267
1555 714 1638 779 35

435 885 532 948 sic
607 884 1044 967 explanandum
1111 888 1399 949 existimat
1413 907 1431 961 ;
1516 887 1904 969 „Sapientiam
1971 891 2029 946 et
2098 881 2533 965 temperantiam
2596 895 2717 950 non

437 990 839 1053 discernebat
883 990 1190 1067 SocrateS‚
1232 992 1340 1053 ‘sed
1389 1010 1557 1069 eum,
1616 992 1713 1071 qui
1758 989 1993 1070 pulchra
2039 996 2097 1050 et
2140 990 2292 1052 bona
2336 987 2481 1049 sciat
2523 983 2717 1046 idem-

438 1113 567 1175 que
621 1095 697 1156 iis
743 1094 823 1156 uti
867 1095 1040 1171 sciat,
1084 1103 1142 1154 et
1187 1114 1359 1173 eum,
1404 1096 1501 1175 qui
1547 1096 1733 1175 turpia
1776 1094 1919 1156 sciat
1977 1091 2246 1173 idemque
2302 1092 2371 1152 iis
2429 1087 2719 1151 abstinere

436 1200 625 1275 sciat,
675 1199 990 1278 sapientem
1038 1206 1096 1259 et
1132 1205 1525 1280 ‘temperatum
1572 1196 1912 1260 iudicabat.“
2004 1197 2135 1257 Utut
2198 1194 2505 1256 verborum
2562 1208 2718 1254 eon·-

436 1301 707 1363 struetio
753 1300 1090 1381 expiicanda
1138 1309 1260 1376 est,
1308 1303 1510 1383 negari
1556 1310 1723 1364 certe
1770 1319 1883 1363 non
1929 1306 2160 1380 potest,
2219 1296 2518 1361 Socratem
2563 1314 2717 1359 oen-

439 1405 678 1481 suisse,
725 1406 825 1485 qui‘
866 1398 1066 1484 σοφός,
1110 1405 1143 1466 i.
1179 1424 1231 1466 e.
1281 1405 1416 1467 boni
1461 1406 1725 1487 tectique
1768 1423 1983 1485 gnarus
2028 1405 2120 1482 sit,
2164 1398 2414 1465 eundem
2462 1400 2615 1462 bene
2658 1403 2720 1462 et

441 1516 628 1571 reete
675 1514 807 1589 agat
853 1502 1179 1589 (σώφρων)
1228 1527 1474 1571 necesse
1519 1527 1673 1572 esse.
1696 1504 1815 1592 ¹²⁶)

636 1612 761 1674 Lib.
817 1609 902 1674 ln.
967 1629 1089 1691 cap.
1147 1611 1204 1673 9.
1253 1612 1311 1689 §.
1360 1613 1417 1674 5.
1488 1605 1680 1693 Ἔφη
1740 1608 1817 1674 δὲ
1873 1605 1991 1672 καὶ
2047 1607 2174 1691 τὴν
2232 1600 2718 1685 δικαιοσύνην

444 1709 583 1776 καὶ
642 1713 766 1796 τὴν
811 1709 1048 1793 ἄλλην
1106 1719 1347 1778 πᾶσαν
1409 1711 1683 1798 ἀρετὴν
1741 1712 2009 1796 σοφίαν
2056 1705 2269 1775 εἶναι.
2355 1705 2427 1771 τά
2485 1728 2549 1770 τε
2605 1703 2718 1790 γὰρ

446 1815 660 1880 δίκαια
701 1812 798 1881 καὶ
837 1814 1021 1881 πάντα
1035 1867 1052 1898 ,
1114 1815 1223 1882 ὅσα
1268 1816 1445 1903 ἀρετῇ
1486 1817 1825 1901 πράττεται,
1881 1815 2035 1882 καλά
2076 1838 2141 1879 τε
2181 1813 2279 1880 καὶ
2322 1809 2515 1894 ἀγαθὰ
2557 1804 2716 1875 εἶναι.

447 1915 557 1983 καὶ
603 1918 720 1983 οὔτ’
765 1917 831 1983 ἂν
874 1919 1006 1992 τοὺς
1047 1928 1224 1984 ταῦτα
1269 1919 1492 1994 εἰδότας
1535 1920 1681 1986 ἄλλο
1727 1917 1845 1987 ἀντὶ
1886 1920 2102 1984 τούτων
2146 1916 2308 1983 οὒδὲν
2350 1911 2720 1998 προέλεσθαι,

451 2023 601 2087 οὔτε
642 2021 775 2096 τοὺς
815 2023 891 2107 μὴ
947 2022 1345 2106 ὲπισταμένους
1402 2024 1676 2089 δύνασθαι
1728 2022 2010 2107 πράττειν,
2056 2021 2207 2087 ἀλλὰ
2248 2017 2343 2085 καὶ
2385 2017 2484 2084 ἐὰν
2526 2016 2721 2102 ἐγχει-

456 2136 661 2209 ρῶσιν,
709 2124 1057 2209 ἁμαρτάνειν.
1120 2124 1274 2191 οὕτω
1319 2125 1415 2192 καὶ
1455 2126 1529 2192 τὰ
1569 2131 1724 2193 καλα
1763 2151 1827 2191 τε
1867 2125 1963 2192 καὶ
1991 2124 2186 2208 ἀγαθὰ
2209 2124 2340 2198 τοὺς
2373 2122 2471 2207 μὲν
2505 2120 2721 2205 σοφους

452 2228 748 2314 πράττειν,
791 2252 924 2303 τους
969 2231 1034 2294 δὲ
1075 2232 1151 2316 μὴ
1197 2255 1412 2315 σοφους
1456 2231 1522 2296 οὒ
1568 2233 1860 2314 δύνασθαι,
1906 2229 2059 2296 ἀλλὰ
2101 2227 2197 2295 καὶ
2238 2227 2336 2294 ἐὰν
2373 2227 2721 2311 ἐγχειρῶσιν,

457 2330 816 2418 ἁμαρτάνειν.
922 2333 1044 2399 ἐπεὶ
1114 2332 1211 2401 οὖν
1278 2335 1351 2401 τὰ
1419 2360 1482 2400 τε
1549 2336 1734 2402 δίκαια
1802 2334 1899 2401 καὶ
1952 2334 2025 2400 τὰ
2084 2334 2236 2399 αλλα
2289 2331 2452 2397 καλά
2497 2352 2561 2396 τε
2622 2326 2721 2396 καὶ

468 2434 669 2520 ἀγαθὰ
710 2435 895 2501 πάντα
940 2436 1115 2523 ἀρετῇ
1159 2438 1492 2522 πράττεται,
1540 2444 1713 2525 δῆλον
1758 2437 1936 2521 εἶναι,
1996 2436 2081 2502 ὅτι
2123 2434 2223 2502 καὶ
2266 2434 2581 2517 δικαιοσύνη
2623 2429 2723 2500 καὶ

464 2540 502 2624 ἡ
527 2540 677 2623 ἄλλη
709 2548 869 2605 πᾶσα
901 2539 1076 2626 ἀρετὴ
1109 2542 1284 2624 σοφία
1305 2542 1437 2608 ἐστί.
1464 2543 1580 2628 ¹²⁷)
1629 2549 1686 2609 1η
1713 2549 1909 2609 verbis
1935 2537 2058 2607 ἐπεὶ
2083 2539 2178 2607 οὖν
2218 2580 2291 2591 -
2319 2538 2495 2625 ἀρετῇ
2531 2535 2722 2622 πράτ-

462 2665 657 2709 τετται
700 2645 1068 2709 offenderunt
1098 2648 1410 2711 Finckhius
1457 2658 1512 2711 et
1544 2624 1908 2726 Kuetmerus,
1932 2645 2049 2730 ¹²⁸)
2079 2657 2253 2727 atque
2286 2646 2722 2708 emendationes

460 2758 915 2834 proposuerunt.
968 2785 1041 2795 νο
1077 2752 1411 2832 Priusquam
1447 2753 1516 2814 ad
1553 2761 1807 2828 nostram
1840 2753 2008 2815 huius
2040 2752 2153 2815 loci
2185 2750 2720 2830 interpretationem

461 2855 848 2929 accedamus,
910 2854 981 2913 de
1039 2854 1733 2933 significatione-vocum
1796 2853 2017 2935 ἀγαθοῦ
2078 2862 2135 2916 et
2182 2849 2390 2936 ἀρετῆς
2433 2852 2720 2936 quaedam

458 2956 882 3039 praemittenda
943 2975 1076 3019 esse
1140 2958 1421 3021 videntur.
1508 2961 1679 3042 Apud
1740 2961 2051 3024 Homerum
2112 2960 2344 3041 saepius
2403 2958 2719 3040 reperiun-

457 3071 561 3128 tur
607 3060 890 3124 formulae
937 3057 1155 3140 ἀγαθὸς
1206 3060 1379 3144 βοήν,
1426 3059 1550 3143 βίην
1596 3072 1706 3126 ete.
1757 3061 1869 3146 (cf.
1917 3064 2041 3126 Hdt.
2089 3062 2128 3124 l.
2181 3062 2301 3127 135
2345 3069 2454 3124 etc.
2503 3057 2723 3141 ἀγαθὸς

456 3160 794 3248 μάχεσθαι)
835 3173 1008 3245 atque
1048 3167 1195 3247 apud
1243 3169 1562 3249 scriptores
1608 3170 1969 3250 posteriores
2013 3168 2294 3231 formulae
2340 3162 2559 3247 ἀγαθὸς
2589 3162 2725 3249 περί

458 3289 535 3347 τι,
576 3264 662 3339 εἴς
702 3288 771 3347 τι,
813 3265 959 3348 πρός
1000 3290 1070 3347 τι,
1114 3268 1173 3331 ’ἐν
1216 3291 1332 3333 τινι.
1394 3272 1731 3336 Herodotus
1778 3279 1970 3335 autem
2014 3268 2089 3333 τὰ
2119 3267 2312 3350 ἀγαθά
2349 3270 2499 3333 baud
2536 3271 2718 3335 semel

465 3373 541 3434 de
588 3373 835 3435 fortunis
881 3392 949 3435 ac
994 3374 1202 3436 divitiis
1250 3381 1486 3456 usurpat
1499 3396 1518 3451 ς
1577 3378 1665 3439 sic
1710 3393 1946 3457 quoque
1989 3376 2286 3454 generosi,
2331 3375 2715 3456 potentiora,

467 3477 709 3553 divites,
769 3477 1078 3558 optimates
1138 3473 1192 3538 οἱ
1249 3473 1461 3558 ἀγαθοί
1514 3481 1855 3561 saepissime
1914 3479 2278 3541 nominantur
2335 3477 2485 3557 apud
2544 3477 2713 3540 Hom.

468 3579 626 3641 Pind.
672 3580 867 3663 Eurip.
917 3581 1207 3662 Aristoph.
1269 3577 1529 3664 Thucyd.
1589 3583 1855 3665 Xenopti.
1919 3583 2156 3645 Aristot.
2214 3582 2354 3643 Plut.
2404 3581 2581 3643 alios:
2638 3577 2715 3644 de

466 3701 583 3764 quo
645 3681 813 3745 huius
872 3687 1035 3748 vocis
1101 3704 1208 3748 usu
1267 3696 1397 3766 apte
1466 3688 1738 3751 conferas
1801 3687 2098 3749 Welckeri
2160 3685 2581 3767 Prolegomena
2637 3684 2713 3750 ad

468 3787 731 3867 Theogn.
777 3786 961 3869 Reiiq.
1013 3785 1183 3870 (pag.
1230 3789 1314 3852 22
1331 3786 1661 3873 sqq.)‚¹²⁹)
1709 3792 1805 3854 ubi
1848 3792 1935 3852 vir
1980 3790 2332 3853 clarissimus
2377 3788 2713 3854 doctissime

468 3890 538 3950 ed
586 3891 691 3951 hac
736 3909 801 3951 re
847 3892 1168 3971 disputavit.
1259 3893 1433 3957 Notio
1480 3893 1761 3975 denique,
1807 3912 1976 3975 quam
2021 3893 2366 3957 Aristoteles
2410 3895 2467 3956 in
2515 3892 2712 3974 philo·-

468 3994 667 4075 sophia
713 4012 816 4057 sua
865 3994 1046 4055 verbo
1092 3986 1293 4082 ἀγαθῷ
1333 3998 1599 4075 subiecit,
1644 4015 1723 4059 ex
1765 3997 1877 4061 hoe
1920 3997 2051 4060 loco
2097 3998 2424 4079 apparebit:
2470 3997 2708 4061 Rhetor.

605 4199 728 4266 126)
765 4201 828 4252 cf.
865 4201 1176 4253 Kuehnerum
1215 4203 1276 4253 ad
1313 4203 1408 4254 loc.
1448 4197 1499 4254 et
1533 4202 1906 4256 Stallbaumium
1944 4204 2135 4268 Proleg.
2185 4161 2246 4255 ad
2295 4203 2416 4255 Piat.
2453 4201 2706 4257 Charmid.

504 4304 532 4339 a
661 4287 721 4339 la
1076 4327 1089 4338 .

469 4305 499 4356 p
535 4289 840 4439 g182'7)q‘{)e
874 4375 967 4427 hae
1013 4376 1255 4427 sententia
1292 4392 1339 4428 v.
1376 4348 1746 4429 Stallbaumium
1795 4377 1855 4428 ad
1904 4376 2023 4428 Plat.
2059 4377 2204 4444 Hipp.
2254 4376 2367 4428 Min.
2405 4393 2453 4441 p.
2491 4376 2606 4429 375.
2642 4374 2705 4429 D.

470 4470 521 4512 et
554 4461 665 4513 Car.
717 4460 944 4513 Beierum
994 4465 1040 4513 in
1089 4463 1294 4514 ExcurS.
1342 4461 1423 4514 lx.
1475 4464 1537 4514 ad
1584 4463 1687 4515 Cic.
1735 4462 1818 4514 off.
1867 4462 1905 4514 Ι.
1942 4465 1989 4514 5.
2026 4479 2073 4529 p.
2112 4463 2211 4515 328
2232 4480 2339 4531 sqq.
2373 4488 2441 4499 ·-
2478 4463 2553 4515 De
2589 4463 2704 4516 loeo

471 4550 579 4616 ipso
615 4549 678 4598 cf.
715 4548 991 4599 Hermann:
1047 4549 1218 4600 Geseh.
1270 4549 1366 4600 und
1415 4548 1608 4614 System
1646 4549 1735 4600 der
1770 4548 1889 4600 Piat.
1927 4549 2106 4601 Philus.
2144 4566 2191 4615 p.
2227 4548 2343 4602 331.
2381 4553 2549 4604 adnot.
2582 4550 2702 4604 3³6.

611 4633 733 4698 128)
771 4634 833 4684 cf.
868 4633 1092 4687 Kiihner:
1128 4636 1193 4687 ad
1230 4637 1260 4687 Ι.

611 4717 733 4789 129)
771 4720 834 4775 cf.
870 4720 1042 4776 Grote:
1076 4722 1281 4793 History
1316 4722 1374 4779 of
1405 4719 1596 4778 Graece
1629 4721 1711 4780 111.
1746 4739 1799 4793 p.
1837 4722 1918 4780 62.
1956 4718 2182 4790 (adnot.)
2218 4747 2281 4760 -
