3242 5267
118 1727 121 1816 ἰ

1468 703 1551 777 at

371 884 649 969 gaiorum
693 883 905 948 civium
949 883 1195 947 salntem
1238 881 1690 965 felicitatemque
1745 881 1850 946 niti
1905 890 2162 966 apparet.
2251 884 2325 948 ef.
2370 883 2502 948 libr.
2544 882 2638 948 tv.

346 1008 495 1074 cap.
543 989 608 1053 4.
655 988 713 1067 S.
764 988 861 1052 16.
905 984 1124 1059 τούτοις
1171 984 1330 1071 (scil.
1378 992 1496 1058 τοῖς
1536 983 1760 1069 νόμοις)
1816 981 1931 1049 τών
1972 988 2219 1052 πολιτῶν
2273 983 2641 1072 ἐμμενόντων,

375 1090 433 1157 αἱ
485 1090 689 1165 πόλεις
745 1087 1121 1176 ἰσχυρόταταί
1172 1111 1239 1153 τε
1295 1084 1392 1155 καὶ
1450 1087 1948 1173 ἑοδαιμονέσταται
2002 1088 2277 1172 γίγνωται
2294 1111 2307 1126 ·
2375 1090 2509 1156 ἄνευ
2576 1095 2641 1157 δε

376 1194 643 1282 ὁμονοίας
682 1195 796 1262 οὔτ’
840 1194 909 1260 ἂν
951 1193 1117 1268 πόλις
1160 1193 1229 1260 ἐι)
1269 1193 1632 1276 πολιτευθείη
1647 1245 1664 1275 ,
1722 1192 1841 1258 οὔτ’
1899 1188 2065 1268 οἶκος
2116 1197 2320 1270 καλῶς
2358 1194 2635 1280 οἰκηθείη.

363 1294 506 1397 ’ἰδίᾳ
550 1300 619 1367 δὲ
659 1310 788 1374 πῶς
828 1299 929 1385 μὲν
971 1298 1039 1364 ἄν
1067 1321 1151 1374 τις
1175 1297 1344 1383 ἧττον
1373 1297 1485 1363 ὑπὸ
1514 1295 1749 1372 πόλεως
1774 1299 2046 1383 ζημιόιτο,
2088 1307 2218 1373 πῶς
2245 1301 2297 1363 δ’
2328 1295 2397 1364 ἂν
2419 1303 2639 1384 μᾶλλον

375 1414 605 1490 τιμῶτο,
647 1402 689 1490 ἢ
733 1402 783 1469 εἰ
825 1411 947 1478 τοῖς
988 1402 1178 1489 νόμοις
1218 1401 1473 1468 πείθοιτο
1483 1426 1502 1482 3
1545 1425 1597 1467 κ.
1644 1426 1693 1467 τ.
1740 1405 1793 1468 λ.
1854 1404 2042 1468 Nemo
2084 1406 2259 1488 igitur
2302 1407 2489 1471 rarius
2532 1428 2642 1472 ac-

377 1520 616 1576 cusatur
660 1512 757 1574 vel
815 1512 1007 1575 rarius
1064 1511 1348 1593 supplicio
1407 1508 1693 1587 afficitur,
1753 1511 1965 1573 nemini
2025 1516 2304 1573 maiorem
2361 1509 2643 1576 bonorem

377 1623 640 1698 praestat
682 1616 907 1694 civitae,
952 1622 1131 1697 atque
1171 1615 1410 1697 saepius
1446 1616 1821 1696 magistratus
1853 1619 1913 1675 et
1940 1614 2182 1696 imperia
2213 1612 2425 1693 defert,
2469 1634 2642 1696 qaam

379 1720 451 1798 ei,
494 1721 598 1802 qui
647 1728 987 1784 constanter
1032 1726 1091 1781 et
1144 1719 1426 1801 religiose
1487 1717 1720 1801 legibus
1779 1725 1963 1801 paret.
1985 1713 2105 1802 ¹¹⁷)
2192 1718 2354 1794 Quae
2413 1721 2646 1801 quidem

375 1822 568 1906 legum
616 1824 983 1901 observatio,
1048 1842 1222 1906 quum
1268 1823 1420 1888 illam
1464 1823 1711 1887 salutem
1772 1831 1832 1885 et
1891 1821 2190 1885 utilitatem
2248 1840 2482 1905 semper
2515 1835 2646 1889 ‘re-

383 1928 622 2009 spiciat,
679 1946 853 2010 quam
912 1929 1078 2009 leges
1138 1928 1302 2009 ipsae
1346 1934 1653 2008 spectant,
1711 1924 2151 2008 haudquaquam
2209 1945 2319 2008 per
2374 1945 2443 1991 se
2497 1929 2647 1993 iusta

382 2038 440 2095 et
482 2034 642 2096 bona
687 2040 794 2095 est.
868 2031 985 2095 Sed
1033 2048 1142 2113 pro
1187 2038 1513 2113 temporum
1559 2029 1900 2094 diversitate
1943 2028 2148 2094 eadem
2193 2033 2348 2095 actio
2392 2032 2541 2096 iusta
2587 2040 2647 2097 et

382 2135 615 2215 iniusta,
658 2136 815 2200 bona
858 2143 921 2199 et
964 2135 1109 2199 mala
1153 2153 1291 2199 esse
1333 2130 1712 2217 poterit.⁴¹⁸)

546 2241 644 2304 Ex
688 2238 1177 2322 praecedentibus
1222 2246 1459 2322 apparet
1502 2224 1794 2315 iustitiam,
1840 2237 1996 2301 haud
2037 2240 2228 2303 minus
2273 2259 2444 2322 quam
2488 2250 2645 2305 tem-

380 2346 727 2427 perantiam,
771 2363 805 2408 a
848 2344 1284 2427 Xenophonteo
1326 2343 1574 2409 Socrate
1619 2342 1692 2404 ad
1737 2343 1993 2406 utilitatis
2038 2348 2300 2409 rationes
2357 2349 2644 2410 revocari.

550 2445 677 2534 (3)
722 2448 1051 2512 Fortitudo.
1120 2448 1318 2513 Fortis
1360 2454 1472 2527 est,
1516 2449 1615 2528 qui
1658 2448 1716 2510 in
1761 2448 1941 2512 rebus
1984 2449 2330 2530 periculosis
2372 2457 2432 2513 et
2476 2450 2649 2514 dam-

381 2557 578 2632 nosiS,
647 2570 830 2637 quast,
886 2555 986 2636 qui
1041 2552 1378 2617 felicitatem
1438 2552 1674 2633 assequi
1733 2551 1960 2631 studet,
2019 2551 2232 2635 fugere
2288 2571 2405 2618 non
2450 2553 2650 2637 debet,

384 2665 719 2722 constanter
762 2666 823 2721 et
864 2663 1108 2721 strenue
1151 2658 1305 2741 agit,
1349 2655 1526 2738 idque
1571 2673 1768 2736 neque
1803 2656 2204 2740 periculorum
2235 2658 2456 2724 inscias
2488 2656 2648 2742 (tum

382 2764 530 2825 enim
583 2763 848 2826 homines
890 2763 1112 2838 insani,
1154 2762 1250 2824 vel
1295 2762 1467 2825 etiam
1511 2759 1726 2840 timidi,
1768 2761 2006 2842 saepias
2042 2760 2228 2825 fortes
2282 2764 2647 2828 existimandi

385 2862 642 2950 essent),
687 2885 885 2948 neque
924 2866 1199 2930 fortunae
1243 2872 1459 2929 tantum
1496 2864 1703 2928 favore
1730 2863 1958 2929 ductus.
2022 2864 2079 2929 Is
2107 2864 2278 2930 fortis
2307 2865 2647 2933 indicandus

385 2978 502 3051 est,
566 2972 699 3052 qui,
757 2987 909 3051 quae
953 2988 1097 3033 vere
1140 2968 1474 3053 periculosa
1534 2970 1684 3047 sint,
1742 2988 1813 3033 ea
1857 2976 2132 3034 accurate
2176 2973 2411 3055 cognita
2455 2972 2648 3054 habet,

386 3081 442 3138 et
484 3077 545 3139 in
592 3074 679 3138 his
725 3074 992 3141 omnibus
1036 3073 1277 3152 dextre,
1338 3072 1692 3155 prudenter,
1752 3081 1998 3137 strenue
2058 3093 2242 3159 agere
2269 3097 2274 3103 ·
2299 3083 2528 3158 potest,
2585 3076 2644 3142 id

386 3186 724 3244 constanter
766 3196 1063 3263 sequens,
1108 3177 1268 3261 quod
1314 3179 1566 3241 maxime
1609 3178 1752 3241 utile
1796 3179 1871 3243 sit
1913 3179 2191 3243 futurum.
2258 3180 2332 3242 cf.
2379 3180 2506 3244 libr.
2550 3180 2642 3244 tv.

386 3301 506 3366 cap.
531 3284 590 3346 6.
636 3274 1012 3376 §§.,10‚11‘=
1059 3313 1141 3330 ·-
1187 3283 1247 3346 in
1289 3283 1490 3365 primis
1535 3281 1682 3345 haec
1723 3283 1937 3345 verba:
1983 3278 2057 3345 Οἱ
2095 3280 2199 3365 μὲν
2242 3280 2358 3366 ἄρα
2400 3280 2644 3348 ἐπιστά-

384 3406 537 3468 μενοι
577 3392 697 3460 τοῖς
739 3387 940 3459 δεινοῖς
980 3406 1045 3448 τε
1084 3382 1182 3449 καὶ
1222 3382 1586 3457 ἐπικινδύνοις
1625 3385 1825 3457 καλῶς
1877 3387 2130 3468 χρῆσθαι
2188 3382 2438 3470 &attechi
2489 3384 2648 3469 εἰσιν,

386 3485 438 3553 ὅι
484 3488 554 3556 δὲ
597 3486 1066 3574 διαμαρτὼονπς
1105 3486 1312 3554 τουτου
1357 3486 1537 3553 δειλοί
1545 3509 1565 3565 3
1611 3525 1695 3537 -
1718 3483 1960 3571 Ἔμοιγε
2001 3490 2295 3570 aeneum,
2339 3489 2472 3573 ἔφη.

557 3592 679 3680 (4)
705 3595 1002 3660 Amicitia.
1071 3595 1270 3659 Bonus
1302 3594 1540 3672 amicus,
1576 3628 1654 3639 -
1691 3594 1787 3673 qui
1818 3592 2056 3658 alterius
2085 3595 2255 3659 saluti
2285 3603 2346 3659 et
2390 3595 2649 3661 felicitati

387 3700 659 3778 consulit,
703 3698 910 3763 damna
954 3700 1029 3764 ab
1074 3698 1171 3762 illo
1219 3699 1448 3777 avertit,
1494 3697 1797 3762 commoda
1842 3697 1993 3761 illius
2037 3708 2365 3782 promovet,
2409 3702 2650 3784 negotia

386 3802 534 3868 illius
582 3812 853 3885 tanquam
914 3823 1021 3867 sna
1080 3811 1284 3881 curat,
1343 3821 1459 3885 ope
1515 3809 1575 3863 et
1618 3801 1864 3866 consilio
1906 3802 2064 3866 iilum
2109 3804 2379 3883 adiuvat,
2423 3840 2508 3856 -
2548 3823 2650 3870 res

388 3910 615 3971 maximi
674 3907 842 3990 pretii
901 3916 1008 3971 est.
1098 3907 1173 3972 cf.
1222 3907 1347 3971 libr.
1395 3905 1459 3969 lt.
1520 3924 1646 3988 cap.
1694 3907 1753 3970 4.
1801 3907 1862 3985 §-
1911 3908 1968 3969 5.
2023 3902 2232 3971 ’Κάιτοι
2287 3904 2432 3990 πρὸς
2483 3914 2647 3973 ποῖον

386 4015 573 4094 κτῆμα
626 4017 741 4074 τῶν
799 4006 996 4073 ἄλλων
1054 4005 1564 4092 παραβαλλόμενος
1631 4007 1797 4092 φίλος
1862 4006 2083 4091 ἀγαθὸς
2135 4006 2246 4075 οὔκ
2311 4009 2384 4076 ἂν
2443 4013 2651 4104 πολλῷ

387 4110 656 4196 πρέιπων
699 4110 900 4196 φανείη
915 4134 934 4191 3
976 4134 1032 4177 κ.
1073 4133 1122 4175 τ.
1169 4115 1219 4176 λ.
1305 4115 1493 4178 Amici
1550 4121 1743 4178 autem
1789 4122 2187 4197 temperantes
2229 4134 2366 4179 esse
2409 4117 2648 4195 debent,

388 4235 519 4282 nam
579 4221 1031 4303 intemperantes
1088 4225 1149 4281 et
1206 4219 1435 4301 prodigi
1494 4235 1634 4281 mox
1693 4220 1939 4301 penuria
1997 4221 2390 4302 implicantur,
2449 4227 2646 4303 atque,

390 4325 627 4386 avaritia
672 4325 922 4407 impulsi,
966 4323 1156 4387 omnia
1187 4323 1296 4385 sibi
1340 4330 1662 4401 assumunt,
1706 4331 1765 4386 et
1808 4324 1884 4385 ita
1924 4323 2134 4388 nullam
2165 4326 2334 4392 nobis
2364 4325 2648 4405 praebent

390 4428 708 4492 utilitatem.
798 4428 871 4492 Ut
912 4428 1086 4493 utiles
1128 4428 1271 4507 sint,
1323 4424 1473 4492 fidos
1535 4412 1711 4490 etad
1756 4425 1946 4493 officia
1984 4434 2258 4510 prompte
2300 4429 2648 4510 mesu-dn

529 4598 654 4665 117)
692 4599 757 4652 cf.
794 4598 943 4652 Hem.
980 4600 1063 4654 w.
1100 4600 1183 4654 2¹.
1217 4599 1264 4662 §-
1306 4599 1385 4651 17.

540 4685 667 4751 1t8)
706 4685 770 4738 cf.
806 4685 953 4739 Mem.
1003 4686 1087 4741 IV.
1128 4687 1178 4741 2.
1215 4684 1434 4742 13-19.
1506 4684 1740 4741 Brendin
1791 4687 1968 4751 Rbein,
2013 4686 2139 4744 Mus.
2183 4687 2248 4746 11.
2283 4705 2335 4758 p.
2367 4689 2454 4745 87.
2520 4689 2648 4745 Det-

397 4766 586 4827 brttekz
623 4770 924 4845 Xenophon.
958 4787 1012 4841 p.
1051 4772 1166 4829 134.
