3242 5267
1476 683 1561 750 25

382 861 490 925 hac
537 878 609 925 re
657 860 765 925 viri
810 858 1126 924 doctissimi
1185 865 1298 921 tam
1356 856 1755 940 vehementer·
1783 856 1936 920 inter
1979 873 2119 921 sese
2162 854 2546 933 dissentiunt,
2586 861 2650 918 ut

382 985 607 1049 operae
673 968 917 1049 pretium
980 964 1231 1038 facturus
1293 964 1526 1039 videar,
1585 965 1635 1026 si
1690 960 1934 1025 eandem
1993 962 2342 1023 accuratiori
2402 960 2649 1023 examini

382 1073 703 1147 subiicere,
750 1078 829 1144 et,
873 1071 921 1131 si
968 1068 1092 1131 fieri
1138 1068 1343 1150 possit,
1386 1067 1457 1130 ad
1489 1075 1711 1130 certum
1746 1064 2035 1150 quendam
2068 1065 2284 1127 exitum
2323 1064 2649 1146 perducere

381 1176 728 1238 studuerim.
813 1174 1149 1254 Priusquam
1208 1179 1398 1234 autem
1458 1171 1608 1233 iilius
1669 1171 1994 1232 testimonia
2054 1177 2527 1249 perscrutemur,
2591 1170 2647 1232 in

388 1280 555 1341 cuius
592 1280 1044 1352 commentariis,
1092 1283 1149 1339 ut
1184 1276 1316 1351 mihi
1349 1277 1578 1357 quidem
1626 1274 1889 1350 videtur,
1937 1273 2069 1335 sons
2116 1276 2408 1355 reperitur
2460 1274 2652 1355 limpi-

384 1380 698 1454 dissimae,
757 1402 792 1442 e
838 1400 954 1461 quo
1000 1398 1273 1461 germana
1321 1380 1577 1441 Socratis
1623 1379 1887 1442 doctrina
1944 1375 2207 1438 ducenda
2266 1384 2390 1452 est,
2447 1395 2651 1440 omnes

383 1487 534 1565 apud
585 1485 958 1547 Aristotelem
1008 1485 1204 1560 iot-03,
1259 1484 1357 1572 qui
1402 1483 1757 1547 Socraticam
1803 1483 2030 1543 virtutis
2076 1479 2468 1542 definitionem
2516 1481 2651 1543 tttu-
2747 1543 2772 1556 Ἠ

382 1597 588 1665 strant,
633 1591 974 1669 colligamus
1017 1607 1085 1649 ac
1118 1587 1427 1669 diiigenter
1458 1589 1892 1660 examinemu83
1938 1603 2052 1666 qua
2082 1605 2159 1648 ex
2189 1586 2656 1666 investigatione,

386 1700 446 1753 ut
480 1694 617 1755 mihi
664 1693 898 1774 quidem
946 1692 1454 1774 persuasissimum
1487 1698 1594 1768 est,
1629 1690 1777 1753 effici
1812 1693 2067 1771 cogique
2100 1696 2310 1771 potest,
2354 1690 2654 1752 scientiam

382 1797 555 1873 iilam,
605 1799 697 1858 cui
742 1797 1016 1858 Socrates
1064 1789 1327 1857 virtutem
1374 1796 1429 1857 in
1476 1814 1668 1877 aequo
1718 1799 1942 1878 posuit,
1997 1795 2053 1858 in
2098 1794 2459 1876 experientia
2504 1812 2649 1857 ver-

384 1903 519 1981 sari,
564 1907 629 1964 et
673 1903 744 1963 ab
791 1902 1156 1983 experientia
1200 1899 1477 1982 pendere.

1235 2146 1282 2202 1.
1326 2145 1815 2203 Aristoteles.

481 2298 486 2302 ’
558 2296 671 2382 (a)
716 2298 867 2364 Eth.
931 2298 1210 2362 Nicom.
1271 2297 1402 2375 itt,
1454 2297 1530 2372 8,
1591 2298 1651 2361 6.
1737 2297 1908 2362 Δοκεῖ
1952 2298 2016 2361 δε
2057 2292 2153 2361 καὶ
2209 2294 2247 2381 ἡ
2304 2293 2659 2380 ἐμπειρία

390 2400 428 2487 ἡ
484 2397 620 2485 περὶ
681 2399 897 2465 ἕκαστα
966 2397 1234 2484 ἀνδρία
1288 2423 1370 2474 τις
1428 2394 1589 2465 εἶναι·
1677 2396 1811 2464 ὅθεν
1869 2396 1965 2466 καὶ
2023 2397 2057 2464 ὁ
2115 2397 2430 2483 Σωκράτης
2483 2393 2652 2487 ᾠήθη

389 2503 814 2590 ἐπιστήμην
858 2500 1006 2570 εἶναι
1046 2506 1146 2589 τὴν
1191 2503 1519 2588 ἀνδρίαν.
1585 2512 1831 2570 τοιοῦτοι
1874 2503 1939 2569 δὲ
1984 2503 2150 2570 ἄλλοι
2192 2504 2289 2588 μὲν
2336 2503 2393 2569 ἐν
2439 2502 2653 2579 ἄλλοις·

389 2607 446 2675 ἐν
486 2616 612 2683 τοῖς
653 2611 981 2693 πολεμικόις
1023 2607 1128 2678 δὀἱ
1169 2617 1523 2691 στρατιῶται·
1585 2611 1744 2674 δοκέι
1786 2606 1897 2692 γὰρ
1940 2604 2087 2673 εἶναι
2127 2606 2319 2673 πολλὰ
2361 2607 2498 2674 κενὰ
2544 2609 2650 2694 (ai.

392 2715 520 2779 lvci.
571 2712 774 2798 καινά)
818 2721 920 2779 τοῦ
964 2710 1239 2797 πολέμου,
1286 2710 1325 2777 ἃ
1366 2710 1611 2796 μάλιστα
1653 2710 2076 2795 συνεωράκασιν
2122 2710 2291 2777 οὗτοι.
2370 2710 2658 2794 φάινονται

392 2818 461 2902 δὴ
508 2813 790 2900 ἀνδρέιοι,
836 2814 923 2881 ὅτι
965 2815 1071 2881 οὐκ
1114 2815 1294 2881 ἴσασιν
1339 2813 1394 2880 ὁι
1436 2813 1603 2881 ἄλλοι
1647 2810 1743 2880 διά
1786 2814 1949 2880 ἐστιν.

566 2926 655 2987 Ao
704 2926 854 2985 hunc
898 2924 1087 2984 locum
1134 2921 1534 3004 explicandum
1580 2929 1639 2983 et
1686 2921 2080 2985 illustrandum
2143 2921 2274 2985 nihil
2335 2924 2515 2985 satius
2560 2926 2652 2986 vi·
2757 2903 2780 2916 '⁸

392 3026 565 3091 detur
622 3045 791 3107 quam
858 3026 1134 3089 Brundisii
1190 3028 1372 3096 ⁴verba
1418 3026 1709 3088 subiicere
1725 3046 1744 3102 3
1776 3021 1889 3110 ¹⁰⁸)
1939 3060 2012 3070 —
2066 3025 2266 3107 „Nat-h
2326 3027 2539 3090 Sti-tien
2599 3029 2653 3091 in

394 3130 542 3194 atam
604 3131 730 3192 drei
789 3129 1035 3192 Ethiken
1083 3127 1199 3212 (ex
1243 3132 1455 3211 quibus
1501 3129 1645 3192 iocis
1692 3148 1840 3193 unus
1885 3132 1996 3193 iam
2043 3149 2219 3213 supra
2280 3131 2484 3195 attatus
2529 3129 2656 3213 est)

395 3233 619 3296 konnte
680 3252 747 3296 es
805 3236 1121 3311 schemen,
1181 3233 1455 3296 Socrates
1512 3234 1661 3296 habe
1722 3234 2061 3316 Tapterkeit
2122 3235 2216 3297 [tir
2276 3237 2378 3297 das
2421 3236 2656 3299 Wissen

394 3359 529 3401 vom
576 3357 651 3400 zu
696 3338 1081 3401 fiirchtenden
1128 3340 1241 3399 und
1289 3338 1442 3399 nicht
1486 3356 1558 3400 zu
1605 3338 2009 3417 fiirchtenden,
2043 3340 2159 3401 und
2192 3339 2432 3422 Tugend
2474 3341 2654 3403 iiber-

393 3442 566 3525 haupt
615 3441 707 3504 fiir
750 3441 1387 3524 ersahrungsmiissiges
1434 3441 1669 3504 Wissen
1720 3437 2050 3523 (ἐμπειρία)
2109 3461 2202 3504 um
2259 3443 2353 3503 die
2410 3441 2653 3524 Ohjecte

391 3547 689 3625 gabauan,
736 3546 967 3609 worauf
1004 3548 1090 3607 sie
1133 3544 1479 3626 gerit-btetf‘
1557 3545 1634 3607 At
1679 3545 1884 3606 Graec.
1933 3545 2146 3607 Cotum.
2194 3546 2281 3608 sic
2326 3546 2653 3609 adnotavit:

396 3646 593 3731 „he-set
632 3644 743 3730 γὰρ
786 3644 857 3711 ἐν
901 3644 1198 3731 Λάχητι
1240 3643 1654 3730 Σωκράτης
1693 3644 1896 3729 παρὰ
1938 3644 2293 3713 Πλάτωνι
2349 3644 2651 3733 ἐπιστήμην

393 3754 592 3817 δεινῶν
634 3772 697 3814 τε
737 3747 837 3816 κάι
876 3751 952 3836 μὴ
996 3752 1095 3837 τὴν
1142 3748 1397 3835 ἀνδρείαν
1441 3744 1586 3815 εἶναι
1632 3750 1787 3833 (mai
1834 3752 2001 3815 Lat-h.
2048 3773 2103 3836 p.
2150 3752 2275 3817 285
2323 3751 2515 3838 Beki«)
2559 3750 2656 3818 καὶ

394 3855 478 3920 τὸ
523 3854 596 3921 ἐν
641 3854 1118 3952 Πρωταγόρᾳ
1162 3857 1252 3941 (ρ.
1300 3858 1444 3920 245.
1495 3853 1692 3939 Bekk)
1741 3850 2141 3938 εἰρημένον
2182 3861 2490 3922 τοιοῦτον.“
2558 3862 2654 3925 Sic
2737 3863 2741 3868 ’

397 3981 635 4044 qnoque
670 3960 1000 4023 Brundisius
1037 3963 1108 4042 (t.
1143 3957 1255 4043 i.):
1328 3962 1504 4039 „Hier
1543 3963 1686 4022 aher
1718 3961 1811 4022 hat
1842 3963 2190 4025 Aristoteles
2220 3964 2654 4043 augenschein-

396 4068 505 4129 iich
555 4063 803 4127 Platon’s
847 4064 1198 4143 Protagoras
1254 4067 1368 4129 und
1425 4065 1647 4128 Laches
1706 4083 1816 4127 vor
1875 4065 2116 4147 Augen,
2177 4065 2291 4128 und
2351 4067 2505 4129 stetit
2564 4067 2649 4131 als

398 4168 752 4251 unbcdingte
797 4167 1163 4234 Socratische
1209 4168 1586 4252 Behauptung
1629 4168 1762 4249 auf,
1822 4188 1945 4233 was
2003 4171 2136 4238 dort
2180 4189 2290 4234 nur
2339 4188 2445 4232 aus
2490 4170 2647 4233 Vor-

399 4282 832 4354 aussetzungen
877 4273 983 4334 der
1028 4271 1682 4360 Sophistensgefolgert,
1719 4272 1924 4338 wird.“
2000 4272 2114 4338 Sed
2160 4273 2506 4337 Aristoteles
2564 4275 2652 4339 sic

288 4363 297 4370 ’
404 4377 815 4442 ratiocinatur:
859 4411 942 4422 -
986 4376 1296 4452 Facinora,
1355 4394 1502 4457 quae
1545 4379 1793 4460 imperiti
1838 4377 2154 4442 fortitudini
2198 4378 2530 4460 assignant,
2573 4397 2653 4442 ex
2725 4379 2732 4384 “

401 4501 472 4546 ea
515 4480 754 4544 scientia
797 4497 974 4561 saepe
1019 4485 1370 4556 nascuntur,
1425 4500 1576 4562 quae
1632 4482 1955 4548 facinorum
1999 4485 2217 4547 exitum
2261 4491 2650 4565 eventumque

537 4719 669 4792 tot)
705 4724 877 4780 Rhein.
913 4723 1037 4781 Μαι.
1070 4722 1108 4780 1.
1142 4739 1191 4794 p.
1227 4722 1347 4780 134.
