3242 5267
493 952 910 1034 Aristotelem,
956 961 1133 1035 atquo
1176 952 1653 1036 percommodum
1698 971 1935 1018 sensum
1981 953 2094 1016 hoc
2135 953 2269 1018 loco
2313 952 2581 1033 praeberi
2619 952 2745 1015 sine

495 1058 614 1122 ulla
663 1059 1085 1122 emendatione.

674 1161 725 1223 1.
775 1161 1272 1226 Praemonendum
1320 1170 1412 1225 est
1453 1158 1675 1241 σοφίαν,
1730 1156 1798 1222 τὸ
1840 1154 2077 1240 εἰδέναι,
2121 1155 2188 1221 τὸ
2234 1156 2584 1238 ἐπιστασθαι,
2631 1158 2741 1222 boc

490 1265 631 1328 loco
680 1267 1012 1346 promiscue
1058 1267 1337 1347 usurpari.

665 1369 741 1430 2:
771 1370 1043 1432 Doctrina
1090 1369 1179 1430 hic
1225 1369 1429 1431 tradita
1477 1370 1620 1430 haec
1665 1376 1786 1443 est;
1832 1366 1870 1449 ἡ
1915 1360 2087 1450 ἀρετή
2133 1363 2249 1429 ἐστι
2290 1363 2476 1448 σοφία.

665 1472 722 1534 3.
771 1473 891 1533 Hae
937 1471 1207 1552 denique,
1253 1474 1326 1534 de
1365 1492 1492 1534 mea
1526 1475 1832 1549 sententie,
1878 1471 2132 1547 fuerunt,
2175 1472 2369 1552 logice
2402 1470 2746 1551 explicat-ae,

485 1594 697 1638 omnes
743 1577 868 1637 eius
915 1577 1367 1638 ratiocinationis
1411 1583 1626 1657 partes,
1672 1593 1782 1655 qua
1829 1575 2100 1638 Socrates
2144 1575 2213 1640 ad
2246 1575 2565 1642 doctrinam
2601 1574 2747 1638 illam

478 1682 775 1759 pervenit.

553 1849 561 1856 ‚
667 1780 742 1863 1)
788 1779 842 1843 οἱ
896 1778 970 1844 τὰ
1020 1776 1174 1845 καλά
1226 1803 1290 1843 τε
1332 1779 1431 1844 καί
1471 1778 1667 1862 ἀγαθὰ
1709 1781 1922 1863 (sensu
1969 1781 2213 1863 latiore)
2260 1777 2506 1855 εἰδότες,
2563 1775 2752 1861 πράτ-

480 1905 645 1948 τουσι
703 1882 776 1948 τὰ
830 1882 982 1948 καλά
1025 1907 1076 1949 κ.
1125 1907 1170 1946 τ.
1215 1886 1268 1948 λ.
1359 1885 1436 1968 2)
1482 1882 1554 1948 τά
1597 1907 1662 1947 τε
1707 1884 1898 1948 δίκᾶια
1937 1880 2032 1947 καὶ
2077 1881 2271 1966 ἀγαθοί
2315 1884 2533 1966 (sensu
2576 1887 2752 1946 stric-

485 1986 681 2070 tiore)
732 1984 838 2050 εἰσι
879 1987 1034 2051 καλοί
1075 2011 1127 2051 κ.
1160 2010 1209 2051 τ.
1242 1990 1293 2050 λ.
1372 1987 1449 2070 3)
1495 1990 1677 2072 Ergo,
1724 1986 1778 2051 οἱ
1821 1985 1894 2051 τά
1937 2010 2001 2051 τε
2045 1988 2231 2052 δίκαια
2272 2009 2324 2050 κ.
2349 2010 2396 2050 τ.
2422 1989 2475 2051 λ.
2522 1984 2755 2065 εἰδότες,

482 2089 802 2174 πράττουσι
842 2089 915 2155 τά
957 2114 1021 2155 τε
1065 2091 1168 2155 δίκ.
1214 2115 1266 2155 κ.
1313 2114 1360 2154 τ.
1408 2094 1458 2154 λ.
1521 2091 1601 2174 4)
1647 2089 1721 2155 τοί
1762 2114 1826 2154 τε
1871 2091 2061 2156 δίκαια
2085 2115 2137 2155 κ.
2162 2114 2209 2154 τ.
2234 2094 2285 2154 λ.
2348 2093 2522 2175 ἀρετῇ
2565 2087 2753 2172 πράτ-

479 2217 657 2258 τεται.
752 2194 828 2282 5)
875 2199 1070 2278 Ergo,
1130 2193 1184 2259 οἱ
1241 2193 1315 2258 τά
1360 2194 1547 2258 δίκαια
1590 2218 1644 2258 κ.
1691 2219 1738 2258 τ.
1786 2198 1837 2259 λ.
1909 2194 2140 2273 εἰδότες,
2188 2189 2363 2279 ἀρετῇ
2421 2192 2746 2277 πράττουσι.

478 2295 560 2379 6)
613 2300 806 2378 Ergo,
864 2298 902 2383 ἡ
964 2296 1134 2381 ἀρέτη
1187 2298 1264 2385 (ἡ
1310 2297 1628 2381 δικαιοσύνη
1688 2295 1783 2362 καὶ
1824 2297 1862 2383 ἠ
1909 2296 2056 2381 ἄλλη
2100 2305 2260 2363 πᾶσα
2303 2298 2513 2383 ἀρετὴ)
2558 2325 2642 2354 z
2684 2293 2749 2360 τὸ

479 2397 700 2465 εἰδέναι
746 2405 838 2465 vel
882 2402 1070 2483 σοφία.

660 2508 720 2571 Si
779 2508 890 2570 hoc
936 2513 1131 2590 σχῆμα
1191 2528 1320 2572 cuin
1381 2508 1786 2589 Xenophontis
1851 2510 2041 2571 verbis
2101 2528 2540 2591 comparamuS,
2599 2507 2750 2570 illius

484 2619 688 2692 partes
734 2613 788 2674 in
838 2614 922 2674 his
967 2614 1052 2673 sic
1097 2632 1163 2673 se
1209 2612 1514 2673 exhibent:
1566 2647 1643 2654 -—

663 2713 733 2796 1)
778 2711 873 2777 καὶ
928 2712 1044 2778 οὔτ’
1105 2712 1170 2777 ἄν
1226 2713 1359 2787 τοὺς
1415 2721 1604 2778 τᾶυτα
1664 2712 1888 2786 εἰδότας
1946 2712 2091 2778 ἂλλο
2149 2710 2265 2778 ἀντὶ
2318 2712 2534 2778 τούτων
2590 2710 2750 2776 οὐδὲν

474 2814 851 2901 προέλεσθαι,
895 2841 947 2880 κ.
982 2841 1029 2881 τ.
1070 2821 1121 2880 λ.
1216 2819 1293 2902 2)
1339 2816 1412 2882 τά
1456 2840 1518 2879 τε
1567 2815 1753 2902 (γὰρ)
1789 2817 1975 2881 δίκαια
2016 2814 2111 2881 καὶ
2154 2816 2369 2897 πάντα,
2426 2814 2536 2880 ὅσα
2582 2814 2759 2902 ἀρετῇ

476 2918 823 3004 πράττεται,
881 2919 1034 2985 καλά
1096 2944 1157 2984 τε
1213 2917 1309 2985 καὶ
1354 2919 1550 3002 ἀγαθὰ
1594 2916 1754 2986 εἶναι.
1846 2923 1922 3005 3)
1971 2931 2160 2985 mente
2205 2923 2588 3005 supplendum
2637 2931 2744 2983 est.

475 3024 564 3109 4)
615 3022 739 3090 ἐπεὶ
782 3021 877 3088 οὖν
919 3020 990 3089 τά
1033 3047 1095 3087 τε
1142 3025 1332 3090 δίκαια
1372 3021 1468 3087 καὶ
1510 3028 1583 3090 τὰ
1629 3023 1780 3088 ἄλλα
1823 3023 1975 3088 καλά
2033 3047 2095 3088 τε
2154 3024 2253 3088 καί
2312 3022 2505 3106 ἀγαθὰ
2560 3022 2748 3088 πάντα

473 3124 667 3212 ἀρετῇ
709 3125 1028 3210 πράττεται.
1121 3128 1195 3216 5)
1241 3139 1432 3194 mente
1480 3131 1867 3213 supplendum
1913 3139 2020 3192 est.
2111 3128 2188 3212 6)
2239 3131 2412 3212 δῆλον
2457 3122 2619 3204 εἷναι,
2666 3125 2751 3191 ὅτι

469 3231 577 3300 καὶ
626 3232 941 3315 δικαιοσύνη
985 3229 1080 3297 καὶ
1122 3231 1161 3317 ἡ
1206 3231 1355 3315 ἄλλη
1399 3225 1564 3296 πᾶσᾶ
1609 3230 1785 3316 ἀρετὴ
1830 3231 2005 3313 σοφία
2050 3231 2181 3297 ἐστί.

653 3334 691 3419 ἧ
741 3332 916 3420 ἀρετή
963 3341 1074 3401 hoc
1117 3341 1250 3402 loco
1305 3359 1483 3401 sensu
1544 3341 1839 3401 strictiore
1898 3342 2218 3419 reperitur,
2265 3340 2315 3399 h.
2364 3358 2414 3399 e.
2461 3339 2747 3400 humanae

470 3443 690 3506 mentis
736 3445 830 3504 vel
861 3444 1029 3524 animi
1065 3445 1354 3521 virtutem,
1401 3444 1821 3520 excellentiam,
1869 3450 2108 3523 spectat.
2182 3443 2370 3522 Atque
2399 3442 2747 3528 Xenophon,

472 3564 553 3607 ne
598 3541 673 3606 τὰ
717 3540 913 3624 ἀγαθά
957 3547 1223 3628 ambigue
1271 3554 1546 3626 usurpet,
1604 3541 1679 3607 τὰ
1739 3541 1933 3626 ἀγαθά
1991 3548 2282 3608 strictiore
2340 3564 2517 3608 sensu
2561 3541 2634 3606 τὰ
2675 3545 2744 3626 τῇ

475 3644 660 3732 ἀρετῇ
702 3644 1062 3731 πραττόμενα
1106 3650 1370 3734 appellat.

654 3752 811 3814 Talis
839 3762 928 3813 est
953 3752 1362 3835 Xenophontei
1387 3754 1643 3816 Socratis
1671 3754 1743 3814 de
1773 3755 1926 3814 bono
1959 3761 2017 3815 et
2044 3754 2255 3815 virtute
2275 3752 2554 3831 doctrina,
2579 3771 2748 3832 quam

480 3857 722 3942 quidem
769 3855 928 3917 nullo
974 3856 1149 3918 modo
1189 3858 1431 3918 eandem
1466 3874 1621 3933 esse,
1657 3876 1807 3937 quae
1839 3857 2136 3937 Aristippi,
2169 3875 2277 3918 nec
2307 3857 2605 3936 voluptate
2627 3852 2745 3941 183)

465 3961 669 4026 omnia
729 3959 950 4032 metiri,
1011 3979 1087 4021 ex
1145 3961 1336 4024 multis
1405 3960 1817 4041 Xenophontis
1877 3959 2019 4021 locis
2065 3960 2515 4022 luculentissime
2561 3968 2749 4042 patet;

472 4062 596 4128 sed
640 4081 813 4124 unum
880 4064 1274 4140 tantummodo
1336 4063 1549 4125 afferre
1596 4066 1735 4126 satis
1782 4064 2075 4125 habemus.
2146 4064 2343 4125 Exstat
2389 4066 2440 4126 is
2483 4064 2608 4126 libr.
2654 4066 2746 4126 IV.

460 4186 609 4249 cap.
662 4167 717 4229 5.
770 4168 828 4244 §.
883 4167 976 4229 10.
1067 4160 1182 4229 ἀπὸ
1239 4173 1339 4230 τοῦ
1397 4169 1596 4248 μαθεῖν
1655 4163 1711 4230 τί
1764 4162 1939 4229 καλὸν
1997 4162 2093 4228 καὶ
2155 4162 2373 4246 ἀγαθόν
2417 4215 2741 4229 ......

458 4264 561 4332 οὓ
604 4265 827 4350 μόνον
875 4265 1253 4349 ὠφέλειαι
1297 4264 1490 4332 ἀλλὰ
1534 4265 1660 4331 καὶ
1702 4263 1967 4351 ἡδοναὶ
2008 4265 2259 4352 μέγισται
2314 4267 2597 4351 γίγνονται.
2626 4267 2743 4353 ¹³⁴)

629 4529 750 4592 133)
786 4529 840 4581 In
888 4529 1231 4584 dissertatione
1266 4545 1353 4581 sua
1388 4527 1643 4580 Disaenius
1691 4529 1994 4593 voluptatem
2049 4539 2101 4580 et
2145 4530 2401 4586 utilitatem
2454 4532 2740 4583 confudisse

469 4616 695 4670 videtur.

620 4700 744 4767 13⁴)
780 4702 925 4756 Adde
963 4702 1046 4754 lib.
1084 4702 1162 4756 IV.
1200 4718 1309 4769 cap.
1349 4702 1393 4753 5.
1431 4697 1480 4766 S.
1517 4702 1565 4752 6.
1604 4709 1654 4754 et
1689 4717 1799 4766 cap.
1838 4702 1884 4753 8.
1921 4698 1969 4766 S.
1995 4702 2072 4756 11.
2115 4728 2175 4737 —-
2215 4702 2275 4756 cf.
2314 4702 2587 4756 Hermann:
2627 4703 2727 4755 Ge-

459 4790 698 4850 sehichte
726 4789 834 4846 und
870 4789 1067 4856 system
1096 4789 1192 4846 der
1226 4789 1577 4850 Platonischen
1609 4787 1951 4859 Philosophle3
1988 4805 2037 4859 p,
2073 4787 2189 4848 335.
2228 4788 2395 4850 adnot.
2435 4788 2554 4850 348.
