3242 5267
1564 715 1703 782 „42

637 877 642 882 ’
720 886 1196 970 Qualemcunque
1275 906 1404 953 eam
1497 889 1798 954 scientiam
1891 887 2077 953 fuisse
2170 894 2521 969 statuarum,
2614 909 2745 972 quai

535 993 810 1059 Socrates
853 993 1122 1055 virtutem
1169 1012 1307 1057 esse
1354 994 1667 1057 arbitratus
1727 1001 1851 1074 est,
1911 995 2181 1072 victoria,
2240 1013 2409 1075 quam
2468 979 2651 1057 virtus
2710 994 2744 1060 d

535 1095 861 1161 libidinibus
906 1102 1209 1178 reportare
1264 1095 1505 1176 dicitur,
1565 1098 1702 1160 nihil
1746 1096 1900 1161 aliud
1959 1098 2014 1159 in
2073 1095 2369 1161 Socratica
2428 1096 2742 1181 philosophi

537 1201 870 1285 significare
912 1207 1127 1282 potest,
1172 1202 1279 1264 nisi
1324 1202 1532 1264 mentis
1577 1202 1649 1264 ab
1695 1203 1996 1264 inscientia
2040 1199 2111 1263 ad
2137 1201 2436 1264 scientiam
2459 1203 2743 1268 „transitus

539 1311 715 1387 atque
780 1305 949 1368 huius
1010 1303 1295 1368 victoriae
1361 1308 1780 1370 consummatio
1845 1304 1979 1367 nihil
2042 1303 2233 1383 aliud,
2297 1306 2405 1367 nisi
2470 1306 2742 1388 perfectas

538 1404 845 1491 ἐπιστήμης
885 1408 1270 1489 adeptionem,
1312 1404 1526 1503 ἀμαθίᾳ
1566 1427 1809 1491 prorsus
1853 1408 2113 1491 expulsa.

710 1511 774 1575 3.
817 1512 932 1574 lam
977 1531 1154 1598 sfflra
1211 1513 1477 1589 diximuS,
1524 1513 1991 1576 verisimillimum
2019 1530 2175 1589 esse,
2220 1511 2537 1589 Socratem,
2583 1530 2739 1575 mora

540 1617 610 1679 lis
654 1615 1051 1699 philosophiae
1094 1622 1414 1699 parentem,
1460 1619 1782 1681 sententias
1826 1617 2246 1699 proposuisse,
2303 1627 2455 1697 quae
2510 1616 2664 1679 inter
2719 1636 2738 1680 ε

541 1721 893 1800 aliquantum
940 1721 1355 1801 discreparent.
1444 1722 1559 1786 Sed
1615 1722 1871 1785 fortasse
1930 1722 2208 1802 quispiam
2254 1719 2490 1799 dixerit,
2547 1740 2637 1783 me
2682 1741 2738 1804 p«

542 1831 723 1888 totam
768 1826 1193 1907 expositionem
1238 1825 1555 1889 ostendere
1599 1833 1871 1889 conatum
1918 1844 2074 1905 esse,
2118 1825 2470 1888 Socraticam
2503 1823 2577 1886 de
2606 1829 2738 1888 mori

543 1927 654 1991 bus
701 1927 1018 1991 doctrinam
1060 1947 1262 1993 secum
1307 1932 1521 2011 optime
1573 1930 1964 2031 conspiqasse.
2052 1928 2336 2010 Equidem
2396 1934 2587 1989 tamen
2643 1945 2740 1991 cor

545 2031 761 2095 cedere
832 2051 946 2095 non
1009 2030 1244 2113 dubito,
1305 2033 1501 2114 plures
1559 2034 1618 2095 in
1671 2031 2077 2113 Xenophontis
2137 2031 2566 2094 commentariis
2630 2032 2739 2096 100«

547 2136 820 2219 reperiri,
863 2138 958 2216 qui
1002 2137 1073 2200 ab
1118 2138 1188 2200 iis
1235 2137 1478 2219 placitiS,
1523 2155 1676 2217 quae
1722 2137 1947 2201 Socrati
1990 2134 2307 2198 addicenda
2352 2152 2491 2197 esse
2534 2143 2741 2198 conten

548 2237 768 2320 dimus,
841 2240 1015 2322 plane
1069 2239 1398 2305 abhorrent.
1487 2240 1748 2314 Quorum
1814 2240 2046 2322 quidem
2114 2238 2374 2302 locorum
2452 2245 2572 2301 tres
2639 2256 2737 2302 nui

549 2364 853 2428 apponam.

724 2445 803 2531 1)
844 2448 967 2512 Lib.
1013 2448 1077 2511 n.
1126 2468 1255 2531 cap.
1300 2450 1358 2513 2.
1406 2457 1588 2514 mater
1631 2455 1807 2513 totam
1853 2466 1920 2511 se
1963 2464 2144 2511 curae
2187 2444 2504 2510 liberorum
2536 2443 2738 2508 traden

550 2554 703 2620 nulla
748 2554 1002 2617 utilitatis
1045 2556 1268 2619 ratione
1312 2555 1518 2634 habita,
1564 2553 1928 2618 describitur.
1948 2547 2064 2634 ¹4³)

722 2654 801 2741 2)
846 2657 969 2720 Lib.
1013 2658 1100 2720 111.
1156 2677 1281 2740 cap.
1337 2659 1393 2721 9.
1454 2659 1560 2742 §ss
1627 2658 1653 2720 1
1707 2675 1835 2738 sqq.
1922 2656 2198 2722 Socrates
2255 2652 2502 2716 affirmat
2560 2659 2618 2714 et
2679 2651 2734 2713 d«

553 2769 877 2825 monstrare
921 2761 1149 2841 studet,
1207 2759 1367 2842 φύσιν
1426 2749 1615 2844 (quae
1659 2781 1694 2825 a
1735 2760 1940 2822 mentis
1996 2757 2327 2822 conditione
2383 2774 2499 2819 non
2543 2753 2734 2838 pende

555 2865 626 2929 ad
672 2864 1068 2928 fortitudinem
1113 2866 1495 2930 excolendam
1542 2866 1732 2947 magni
1778 2864 2054 2926 momenti
2096 2879 2250 2924 esse.
2277 2857 2392 2942 ¹⁴⁴)

728 2964 804 3045 3)
847 2964 1195 3051 Ἐγκράτεια,
1239 2989 1410 3051 quam
1453 2970 1752 3034 Socratem
1797 2986 1914 3032 non
1960 2986 2071 3050 pro
2094 2966 2303 3028 mentis
2330 2971 2482 3027 statu
2514 2962 2734 3054 habuisg

559 3093 638 3136 ex
681 3073 770 3152 iis,
813 3092 964 3154 quae
1007 3093 1185 3156 supra
1231 3074 1510 3155 exposui,
1566 3072 1895 3137 luculenter
1952 3077 2225 3155 apparet,
2285 3071 2343 3131 in
2401 3055 2734 3149 Xenophon

562 3178 988 3242 commentariis
1047 3177 1253 3260 ἀρετῆς
1307 3173 1509 3258 κρηπίς
1565 3177 1925 3255 nominatur,
1981 3182 2158 3254 atque
2216 3173 2290 3236 ad
2332 3173 2538 3235 iudicia
2598 3186 2732 3232 men

560 3280 980 3360 conservanda,
1022 3281 1093 3344 ad
1138 3282 1435 3345 scientiam
1480 3278 1948 3361 comparandam,
1992 3275 2063 3340 ad
2109 3276 2444 3357 sapientiam
2478 3286 2732 3353 asseque}

564 3385 693 3449 dam
735 3385 951 3465 requ'ni
995 3380 1361 3466 dicitur.·¹⁴⁵)
1433 3384 1505 3447 Et
1547 3384 1599 3446 si
1642 3384 1773 3464 quis
1817 3382 1973 3460 dicit,
1999 3377 2110 3464 ¹⁴⁰)
2155 3380 2455 3444 Socratem
2483 3374 2734 3439 censuist

560 3489 861 3576 scientim
902 3489 1073 3567 illam,
1116 3507 1229 3569 qua
1275 3490 1539 3552 virtutem
1586 3488 1874 3552 contineri
1917 3486 2132 3564 statuit,
2177 3480 2327 3546 haud
2359 3482 2580 3564 acquiri
2609 3496 2734 3563 post

564 3594 675 3660 nisi
732 3592 1076 3675 cupiditates
1135 3598 1193 3653 et
1252 3592 1516 3655 libidines
1591 3591 2004 3674 temperantiae
2062 3588 2302 3670 imperio
2361 3585 2735 3649 subiicerent·

493 3677 504 3685 ’
565 3697 624 3760 id
670 3699 903 3780 qujdern
946 3696 1386 3779 discrepantiam
1431 3714 1608 3778 supra
1664 3699 2167 3760 commemoratam
2228 3691 2455 3754 minime
2514 3689 2671 3753 tollit.
2696 3681 2733 3724 ¹⁴

547 3801 659 3864 ‘Ut‘
694 3797 764 3864 G.
826 3799 1007 3863 Grotii
1066 3800 1260 3862 verbis
1282 3794 1393 3882 ¹⁴⁸)
1452 3800 1795 3882 opu-sculum
1854 3817 2042 3861 meum
2102 3794 2427 3860 absolvam:
2506 3793 2733 3872 „Socrat

570 3905 823 3988 escaped
869 3904 966 3966 the
1024 3904 1347 3968 erroneous
1407 3920 1849 3985 consequences
1909 3900 1977 3966 of
2017 3919 2052 3963 a
2108 3917 2344 3964 narrow
2403 3898 2612 3977 theory
2656 3893 2733 3975 by

572 4009 776 4093 partial
816 4008 1309 4090 inconsistency.“

575 4123 843 4131 *ωῴ-
852 4123 949 4128 ---.

714 4162 839 4231 143)
873 4164 1080 4217 Dissen:
1116 4165 1181 4217 de
1214 4164 1529 4233 philosophia
1564 4161 1741 4215 morali
1775 4170 1872 4213 etc.
1908 4178 1955 4228 p.
1992 4162 2074 4212 14.

710 4249 837 4317 144)
873 4251 938 4304 cf.
971 4251 1246 4304 Hermann:
1283 4249 1460 4306 Gosch.
1496 4249 1594 4318 und
1633 4248 1828 4315 System
1864 4247 1956 4298 der
1989 4245 2113 4298 Plat.
2148 4243 2272 4325 Phil.
2308 4257 2355 4308 p.
2392 4234 2511 4292 248.

716 4336 840 4402 145)
875 4339 1019 4391 Mem.
1053 4337 1090 4390 1.
1129 4340 1176 4390 5.
1211 4337 1275 4390 11.
1316 4338 1362 4401 1,
1402 4337 1546 4404 1-7,
1578 4336 1668 4389 IV.
1706 4335 1756 4398 5,
1794 4333 1944 4386 6-7.
1984 4334 2070 4385 lo.
2107 4330 2187 4382 11.

720 4424 843 4492 146)
876 4426 1034 4478 Ritter
1070 4434 1118 4478 et
1152 4424 1366 4477 Preller:
1402 4423 1612 4476 Historia
1648 4419 1997 4487 Philosophiae
2025 4414 2502 4471 Graeco-Romanae
2521 4428 2585 4467 ax
2610 4410 2734 4465 fonti

582 4515 707 4568 locis
742 4521 993 4565 contexta.
1025 4513 1073 4576 §-
1111 4511 1228 4565 206.
1267 4527 1313 4577 p.
1354 4509 1465 4561 156.
1505 4533 1566 4543 —
1603 4507 1881 4559 Hermann:
1918 4505 1951 4557 l.
1987 4505 2019 4556 l.
2054 4519 2107 4570 p.
2141 4502 2259 4554 247.

646 4666 651 4670 q
722 4598 847 4666 147)
883 4598 1062 4651 Grote:
1098 4597 1301 4664 Histoi-y
1336 4591 1632 4674 ofifltaece.
1668 4591 1877 4664 vmafle
1914 4590 2031 4642 627.
2066 4589 2234 4643 adnot.
2274 4589 2322 4640 1.

723 4683 846 4753 148)
882 4701 936 4754 p.
969 4686 1087 4742 627.
1478 4681 1489 4694 “
